%YAML 1.1
%TAG !u! tag:unity3d.com,2011:
--- !u!29 &1
OcclusionCullingSettings:
  m_ObjectHideFlags: 0
  serializedVersion: 2
  m_OcclusionBakeSettings:
    smallestOccluder: 5
    smallestHole: 0.25
    backfaceThreshold: 100
  m_SceneGUID: 00000000000000000000000000000000
  m_OcclusionCullingData: {fileID: 0}
--- !u!104 &2
RenderSettings:
  m_ObjectHideFlags: 0
  serializedVersion: 9
  m_Fog: 0
  m_FogColor: {r: 0.5, g: 0.5, b: 0.5, a: 1}
  m_FogMode: 3
  m_FogDensity: 0.01
  m_LinearFogStart: 0
  m_LinearFogEnd: 300
  m_AmbientSkyColor: {r: 0.212, g: 0.227, b: 0.259, a: 1}
  m_AmbientEquatorColor: {r: 0.114, g: 0.125, b: 0.133, a: 1}
  m_AmbientGroundColor: {r: 0.047, g: 0.043, b: 0.035, a: 1}
  m_AmbientIntensity: 1
  m_AmbientMode: 0
  m_SubtractiveShadowColor: {r: 0.42, g: 0.478, b: 0.627, a: 1}
  m_SkyboxMaterial: {fileID: 10304, guid: 0000000000000000f000000000000000, type: 0}
  m_HaloStrength: 0.5
  m_FlareStrength: 1
  m_FlareFadeSpeed: 3
  m_HaloTexture: {fileID: 0}
  m_SpotCookie: {fileID: 10001, guid: 0000000000000000e000000000000000, type: 0}
  m_DefaultReflectionMode: 0
  m_DefaultReflectionResolution: 128
  m_ReflectionBounces: 1
  m_ReflectionIntensity: 1
  m_CustomReflection: {fileID: 0}
  m_Sun: {fileID: 0}
  m_IndirectSpecularColor: {r: 0.44657898, g: 0.4964133, b: 0.5748178, a: 1}
  m_UseRadianceAmbientProbe: 0
--- !u!157 &3
LightmapSettings:
  m_ObjectHideFlags: 0
  serializedVersion: 12
  m_GIWorkflowMode: 1
  m_GISettings:
    serializedVersion: 2
    m_BounceScale: 1
    m_IndirectOutputScale: 1
    m_AlbedoBoost: 1
    m_EnvironmentLightingMode: 0
    m_EnableBakedLightmaps: 1
    m_EnableRealtimeLightmaps: 0
  m_LightmapEditorSettings:
    serializedVersion: 12
    m_Resolution: 2
    m_BakeResolution: 40
    m_AtlasSize: 1024
    m_AO: 0
    m_AOMaxDistance: 1
    m_CompAOExponent: 1
    m_CompAOExponentDirect: 0
    m_ExtractAmbientOcclusion: 0
    m_Padding: 2
    m_LightmapParameters: {fileID: 0}
    m_LightmapsBakeMode: 1
    m_TextureCompression: 1
    m_FinalGather: 0
    m_FinalGatherFiltering: 1
    m_FinalGatherRayCount: 256
    m_ReflectionCompression: 2
    m_MixedBakeMode: 2
    m_BakeBackend: 1
    m_PVRSampling: 1
    m_PVRDirectSampleCount: 32
    m_PVRSampleCount: 512
    m_PVRBounces: 2
    m_PVREnvironmentSampleCount: 256
    m_PVREnvironmentReferencePointCount: 2048
    m_PVRFilteringMode: 1
    m_PVRDenoiserTypeDirect: 1
    m_PVRDenoiserTypeIndirect: 1
    m_PVRDenoiserTypeAO: 1
    m_PVRFilterTypeDirect: 0
    m_PVRFilterTypeIndirect: 0
    m_PVRFilterTypeAO: 0
    m_PVREnvironmentMIS: 1
    m_PVRCulling: 1
    m_PVRFilteringGaussRadiusDirect: 1
    m_PVRFilteringGaussRadiusIndirect: 5
    m_PVRFilteringGaussRadiusAO: 2
    m_PVRFilteringAtrousPositionSigmaDirect: 0.5
    m_PVRFilteringAtrousPositionSigmaIndirect: 2
    m_PVRFilteringAtrousPositionSigmaAO: 1
    m_ExportTrainingData: 0
    m_TrainingDataDestination: TrainingData
    m_LightProbeSampleCountMultiplier: 4
  m_LightingDataAsset: {fileID: 0}
  m_LightingSettings: {fileID: 0}
--- !u!196 &4
NavMeshSettings:
  serializedVersion: 2
  m_ObjectHideFlags: 0
  m_BuildSettings:
    serializedVersion: 2
    agentTypeID: 0
    agentRadius: 0.5
    agentHeight: 2
    agentSlope: 45
    agentClimb: 0.4
    ledgeDropHeight: 0
    maxJumpAcrossDistance: 0
    minRegionArea: 2
    manualCellSize: 0
    cellSize: 0.16666667
    manualTileSize: 0
    tileSize: 256
    accuratePlacement: 0
    maxJobWorkers: 0
    preserveTilesOutsideBounds: 0
    debug:
      m_Flags: 0
  m_NavMeshData: {fileID: 0}
--- !u!1001 &87316084
PrefabInstance:
  m_ObjectHideFlags: 0
  serializedVersion: 2
  m_Modification:
    m_TransformParent: {fileID: 0}
    m_Modifications:
    - target: {fileID: -8679921383154817045, guid: 10b28dc72ad49df48baa66af962dd3d9, type: 3}
      propertyPath: m_RootOrder
      value: 5
      objectReference: {fileID: 0}
    - target: {fileID: -8679921383154817045, guid: 10b28dc72ad49df48baa66af962dd3d9, type: 3}
      propertyPath: m_LocalScale.x
      value: 1140.0419
      objectReference: {fileID: 0}
    - target: {fileID: -8679921383154817045, guid: 10b28dc72ad49df48baa66af962dd3d9, type: 3}
      propertyPath: m_LocalScale.y
      value: 1140.0419
      objectReference: {fileID: 0}
    - target: {fileID: -8679921383154817045, guid: 10b28dc72ad49df48baa66af962dd3d9, type: 3}
      propertyPath: m_LocalScale.z
      value: 1140.0419
      objectReference: {fileID: 0}
    - target: {fileID: -8679921383154817045, guid: 10b28dc72ad49df48baa66af962dd3d9, type: 3}
      propertyPath: m_LocalPosition.x
      value: -33.6
      objectReference: {fileID: 0}
    - target: {fileID: -8679921383154817045, guid: 10b28dc72ad49df48baa66af962dd3d9, type: 3}
      propertyPath: m_LocalPosition.y
      value: 23.2
      objectReference: {fileID: 0}
    - target: {fileID: -8679921383154817045, guid: 10b28dc72ad49df48baa66af962dd3d9, type: 3}
      propertyPath: m_LocalPosition.z
      value: 2.2
      objectReference: {fileID: 0}
    - target: {fileID: -8679921383154817045, guid: 10b28dc72ad49df48baa66af962dd3d9, type: 3}
      propertyPath: m_LocalRotation.w
      value: 0.56741625
      objectReference: {fileID: 0}
    - target: {fileID: -8679921383154817045, guid: 10b28dc72ad49df48baa66af962dd3d9, type: 3}
      propertyPath: m_LocalRotation.x
      value: -0.47407347
      objectReference: {fileID: 0}
    - target: {fileID: -8679921383154817045, guid: 10b28dc72ad49df48baa66af962dd3d9, type: 3}
      propertyPath: m_LocalRotation.y
      value: 0.54335773
      objectReference: {fileID: 0}
    - target: {fileID: -8679921383154817045, guid: 10b28dc72ad49df48baa66af962dd3d9, type: 3}
      propertyPath: m_LocalRotation.z
      value: 0.3975621
      objectReference: {fileID: 0}
    - target: {fileID: -8679921383154817045, guid: 10b28dc72ad49df48baa66af962dd3d9, type: 3}
      propertyPath: m_LocalEulerAnglesHint.x
      value: -75.937
      objectReference: {fileID: 0}
    - target: {fileID: -8679921383154817045, guid: 10b28dc72ad49df48baa66af962dd3d9, type: 3}
      propertyPath: m_LocalEulerAnglesHint.y
      value: 99.467
      objectReference: {fileID: 0}
    - target: {fileID: -8679921383154817045, guid: 10b28dc72ad49df48baa66af962dd3d9, type: 3}
      propertyPath: m_LocalEulerAnglesHint.z
      value: -15.276
      objectReference: {fileID: 0}
    - target: {fileID: -7511558181221131132, guid: 10b28dc72ad49df48baa66af962dd3d9, type: 3}
      propertyPath: m_Materials.Array.data[0]
      value: 
      objectReference: {fileID: 2100000, guid: 9da53069d72960f40920c8802eb3155b, type: 2}
    - target: {fileID: 919132149155446097, guid: 10b28dc72ad49df48baa66af962dd3d9, type: 3}
      propertyPath: m_Name
      value: Diamond Item (2)
      objectReference: {fileID: 0}
    - target: {fileID: 919132149155446097, guid: 10b28dc72ad49df48baa66af962dd3d9, type: 3}
      propertyPath: m_TagString
      value: Diamond
      objectReference: {fileID: 0}
    m_RemovedComponents: []
  m_SourcePrefab: {fileID: 100100000, guid: 10b28dc72ad49df48baa66af962dd3d9, type: 3}
--- !u!1 &87316085 stripped
GameObject:
  m_CorrespondingSourceObject: {fileID: 919132149155446097, guid: 10b28dc72ad49df48baa66af962dd3d9, type: 3}
  m_PrefabInstance: {fileID: 87316084}
  m_PrefabAsset: {fileID: 0}
--- !u!65 &87316086
BoxCollider:
  m_ObjectHideFlags: 0
  m_CorrespondingSourceObject: {fileID: 0}
  m_PrefabInstance: {fileID: 0}
  m_PrefabAsset: {fileID: 0}
  m_GameObject: {fileID: 87316085}
  m_Material: {fileID: 0}
  m_IsTrigger: 1
  m_Enabled: 1
  serializedVersion: 2
  m_Size: {x: 0.02, y: 0.019999996, z: 0.014276873}
  m_Center: {x: 0, y: 4.2789547e-17, z: 0.0060220924}
--- !u!1001 &161062591
PrefabInstance:
  m_ObjectHideFlags: 0
  serializedVersion: 2
  m_Modification:
    m_TransformParent: {fileID: 0}
    m_Modifications:
    - target: {fileID: -8679921383154817045, guid: 387a42095e0ac714c8c71a8ebc7b100e, type: 3}
      propertyPath: m_RootOrder
      value: 14
      objectReference: {fileID: 0}
    - target: {fileID: -8679921383154817045, guid: 387a42095e0ac714c8c71a8ebc7b100e, type: 3}
      propertyPath: m_LocalScale.x
      value: 815.96497
      objectReference: {fileID: 0}
    - target: {fileID: -8679921383154817045, guid: 387a42095e0ac714c8c71a8ebc7b100e, type: 3}
      propertyPath: m_LocalScale.y
      value: 815.96497
      objectReference: {fileID: 0}
    - target: {fileID: -8679921383154817045, guid: 387a42095e0ac714c8c71a8ebc7b100e, type: 3}
      propertyPath: m_LocalScale.z
      value: 815.96497
      objectReference: {fileID: 0}
    - target: {fileID: -8679921383154817045, guid: 387a42095e0ac714c8c71a8ebc7b100e, type: 3}
      propertyPath: m_LocalPosition.x
      value: 271.7
      objectReference: {fileID: 0}
    - target: {fileID: -8679921383154817045, guid: 387a42095e0ac714c8c71a8ebc7b100e, type: 3}
      propertyPath: m_LocalPosition.y
      value: 38.4
      objectReference: {fileID: 0}
    - target: {fileID: -8679921383154817045, guid: 387a42095e0ac714c8c71a8ebc7b100e, type: 3}
      propertyPath: m_LocalPosition.z
      value: 37
      objectReference: {fileID: 0}
    - target: {fileID: -8679921383154817045, guid: 387a42095e0ac714c8c71a8ebc7b100e, type: 3}
      propertyPath: m_LocalRotation.w
      value: -0.0818322
      objectReference: {fileID: 0}
    - target: {fileID: -8679921383154817045, guid: 387a42095e0ac714c8c71a8ebc7b100e, type: 3}
      propertyPath: m_LocalRotation.x
      value: -0.6881389
      objectReference: {fileID: 0}
    - target: {fileID: -8679921383154817045, guid: 387a42095e0ac714c8c71a8ebc7b100e, type: 3}
      propertyPath: m_LocalRotation.y
      value: -0.71638566
      objectReference: {fileID: 0}
    - target: {fileID: -8679921383154817045, guid: 387a42095e0ac714c8c71a8ebc7b100e, type: 3}
      propertyPath: m_LocalRotation.z
      value: -0.08099362
      objectReference: {fileID: 0}
    - target: {fileID: -8679921383154817045, guid: 387a42095e0ac714c8c71a8ebc7b100e, type: 3}
      propertyPath: m_LocalEulerAnglesHint.x
      value: 359.804
      objectReference: {fileID: 0}
    - target: {fileID: -8679921383154817045, guid: 387a42095e0ac714c8c71a8ebc7b100e, type: 3}
      propertyPath: m_LocalEulerAnglesHint.y
      value: 166.778
      objectReference: {fileID: 0}
    - target: {fileID: -8679921383154817045, guid: 387a42095e0ac714c8c71a8ebc7b100e, type: 3}
      propertyPath: m_LocalEulerAnglesHint.z
      value: 87.718
      objectReference: {fileID: 0}
    - target: {fileID: -7511558181221131132, guid: 387a42095e0ac714c8c71a8ebc7b100e, type: 3}
      propertyPath: m_Materials.Array.data[0]
      value: 
      objectReference: {fileID: 2100000, guid: 192585fdd091d754193e6f8072e4bfe1, type: 2}
    - target: {fileID: 919132149155446097, guid: 387a42095e0ac714c8c71a8ebc7b100e, type: 3}
      propertyPath: m_Name
      value: Coin Item (1)
      objectReference: {fileID: 0}
    - target: {fileID: 919132149155446097, guid: 387a42095e0ac714c8c71a8ebc7b100e, type: 3}
      propertyPath: m_TagString
      value: Coin
      objectReference: {fileID: 0}
    m_RemovedComponents: []
  m_SourcePrefab: {fileID: 100100000, guid: 387a42095e0ac714c8c71a8ebc7b100e, type: 3}
--- !u!1 &161062592 stripped
GameObject:
  m_CorrespondingSourceObject: {fileID: 919132149155446097, guid: 387a42095e0ac714c8c71a8ebc7b100e, type: 3}
  m_PrefabInstance: {fileID: 161062591}
  m_PrefabAsset: {fileID: 0}
--- !u!136 &161062593
CapsuleCollider:
  m_ObjectHideFlags: 0
  m_CorrespondingSourceObject: {fileID: 0}
  m_PrefabInstance: {fileID: 0}
  m_PrefabAsset: {fileID: 0}
  m_GameObject: {fileID: 161062592}
  m_Material: {fileID: 0}
  m_IsTrigger: 1
  m_Enabled: 1
  m_Radius: 0.01
  m_Height: 0.020000005
  m_Direction: 1
  m_Center: {x: 0, y: 1.01613075e-17, z: 0.0007150386}
--- !u!1 &207085071
GameObject:
  m_ObjectHideFlags: 0
  m_CorrespondingSourceObject: {fileID: 0}
  m_PrefabInstance: {fileID: 0}
  m_PrefabAsset: {fileID: 0}
  serializedVersion: 6
  m_Component:
  - component: {fileID: 207085074}
  - component: {fileID: 207085073}
  - component: {fileID: 207085072}
  m_Layer: 0
  m_Name: Main Camera
  m_TagString: MainCamera
  m_Icon: {fileID: 0}
  m_NavMeshLayer: 0
  m_StaticEditorFlags: 0
  m_IsActive: 1
--- !u!81 &207085072
AudioListener:
  m_ObjectHideFlags: 0
  m_CorrespondingSourceObject: {fileID: 0}
  m_PrefabInstance: {fileID: 0}
  m_PrefabAsset: {fileID: 0}
  m_GameObject: {fileID: 207085071}
  m_Enabled: 1
--- !u!20 &207085073
Camera:
  m_ObjectHideFlags: 0
  m_CorrespondingSourceObject: {fileID: 0}
  m_PrefabInstance: {fileID: 0}
  m_PrefabAsset: {fileID: 0}
  m_GameObject: {fileID: 207085071}
  m_Enabled: 1
  serializedVersion: 2
  m_ClearFlags: 1
  m_BackGroundColor: {r: 0.19215687, g: 0.3019608, b: 0.4745098, a: 0}
  m_projectionMatrixMode: 1
  m_GateFitMode: 2
  m_FOVAxisMode: 0
  m_SensorSize: {x: 36, y: 24}
  m_LensShift: {x: 0, y: 0}
  m_FocalLength: 50
  m_NormalizedViewPortRect:
    serializedVersion: 2
    x: 0
    y: 0
    width: 1
    height: 1
  near clip plane: 0.3
  far clip plane: 1000
  field of view: 60
  orthographic: 0
  orthographic size: 5
  m_Depth: -1
  m_CullingMask:
    serializedVersion: 2
    m_Bits: 4294967295
  m_RenderingPath: -1
  m_TargetTexture: {fileID: 0}
  m_TargetDisplay: 0
  m_TargetEye: 3
  m_HDR: 1
  m_AllowMSAA: 1
  m_AllowDynamicResolution: 0
  m_ForceIntoRT: 0
  m_OcclusionCulling: 1
  m_StereoConvergence: 10
  m_StereoSeparation: 0.022
--- !u!4 &207085074
Transform:
  m_ObjectHideFlags: 0
  m_CorrespondingSourceObject: {fileID: 0}
  m_PrefabInstance: {fileID: 0}
  m_PrefabAsset: {fileID: 0}
  m_GameObject: {fileID: 207085071}
  m_LocalRotation: {x: 0, y: 0, z: 0, w: 1}
  m_LocalPosition: {x: 0, y: 1, z: -10}
  m_LocalScale: {x: 1, y: 1, z: 1}
  m_ConstrainProportionsScale: 0
  m_Children: []
  m_Father: {fileID: 0}
  m_RootOrder: 0
  m_LocalEulerAnglesHint: {x: 0, y: 0, z: 0}
--- !u!1001 &292037820
PrefabInstance:
  m_ObjectHideFlags: 0
  serializedVersion: 2
  m_Modification:
    m_TransformParent: {fileID: 0}
    m_Modifications:
    - target: {fileID: -8679921383154817045, guid: 387a42095e0ac714c8c71a8ebc7b100e, type: 3}
      propertyPath: m_RootOrder
      value: 17
      objectReference: {fileID: 0}
    - target: {fileID: -8679921383154817045, guid: 387a42095e0ac714c8c71a8ebc7b100e, type: 3}
      propertyPath: m_LocalScale.x
      value: 815.96497
      objectReference: {fileID: 0}
    - target: {fileID: -8679921383154817045, guid: 387a42095e0ac714c8c71a8ebc7b100e, type: 3}
      propertyPath: m_LocalScale.y
      value: 815.96497
      objectReference: {fileID: 0}
    - target: {fileID: -8679921383154817045, guid: 387a42095e0ac714c8c71a8ebc7b100e, type: 3}
      propertyPath: m_LocalScale.z
      value: 815.96497
      objectReference: {fileID: 0}
    - target: {fileID: -8679921383154817045, guid: 387a42095e0ac714c8c71a8ebc7b100e, type: 3}
      propertyPath: m_LocalPosition.x
      value: 105.9
      objectReference: {fileID: 0}
    - target: {fileID: -8679921383154817045, guid: 387a42095e0ac714c8c71a8ebc7b100e, type: 3}
      propertyPath: m_LocalPosition.y
      value: 31.8
      objectReference: {fileID: 0}
    - target: {fileID: -8679921383154817045, guid: 387a42095e0ac714c8c71a8ebc7b100e, type: 3}
      propertyPath: m_LocalPosition.z
      value: 60.5
      objectReference: {fileID: 0}
    - target: {fileID: -8679921383154817045, guid: 387a42095e0ac714c8c71a8ebc7b100e, type: 3}
      propertyPath: m_LocalRotation.w
      value: -0.0818322
      objectReference: {fileID: 0}
    - target: {fileID: -8679921383154817045, guid: 387a42095e0ac714c8c71a8ebc7b100e, type: 3}
      propertyPath: m_LocalRotation.x
      value: -0.6881389
      objectReference: {fileID: 0}
    - target: {fileID: -8679921383154817045, guid: 387a42095e0ac714c8c71a8ebc7b100e, type: 3}
      propertyPath: m_LocalRotation.y
      value: -0.71638566
      objectReference: {fileID: 0}
    - target: {fileID: -8679921383154817045, guid: 387a42095e0ac714c8c71a8ebc7b100e, type: 3}
      propertyPath: m_LocalRotation.z
      value: -0.08099362
      objectReference: {fileID: 0}
    - target: {fileID: -8679921383154817045, guid: 387a42095e0ac714c8c71a8ebc7b100e, type: 3}
      propertyPath: m_LocalEulerAnglesHint.x
      value: 359.804
      objectReference: {fileID: 0}
    - target: {fileID: -8679921383154817045, guid: 387a42095e0ac714c8c71a8ebc7b100e, type: 3}
      propertyPath: m_LocalEulerAnglesHint.y
      value: 166.778
      objectReference: {fileID: 0}
    - target: {fileID: -8679921383154817045, guid: 387a42095e0ac714c8c71a8ebc7b100e, type: 3}
      propertyPath: m_LocalEulerAnglesHint.z
      value: 87.718
      objectReference: {fileID: 0}
    - target: {fileID: -7511558181221131132, guid: 387a42095e0ac714c8c71a8ebc7b100e, type: 3}
      propertyPath: m_Materials.Array.data[0]
      value: 
      objectReference: {fileID: 2100000, guid: 192585fdd091d754193e6f8072e4bfe1, type: 2}
    - target: {fileID: 919132149155446097, guid: 387a42095e0ac714c8c71a8ebc7b100e, type: 3}
      propertyPath: m_Name
      value: Coin Item (4)
      objectReference: {fileID: 0}
    - target: {fileID: 919132149155446097, guid: 387a42095e0ac714c8c71a8ebc7b100e, type: 3}
      propertyPath: m_TagString
      value: Coin
      objectReference: {fileID: 0}
    m_RemovedComponents: []
  m_SourcePrefab: {fileID: 100100000, guid: 387a42095e0ac714c8c71a8ebc7b100e, type: 3}
--- !u!1 &292037821 stripped
GameObject:
  m_CorrespondingSourceObject: {fileID: 919132149155446097, guid: 387a42095e0ac714c8c71a8ebc7b100e, type: 3}
  m_PrefabInstance: {fileID: 292037820}
  m_PrefabAsset: {fileID: 0}
--- !u!136 &292037822
CapsuleCollider:
  m_ObjectHideFlags: 0
  m_CorrespondingSourceObject: {fileID: 0}
  m_PrefabInstance: {fileID: 0}
  m_PrefabAsset: {fileID: 0}
  m_GameObject: {fileID: 292037821}
  m_Material: {fileID: 0}
  m_IsTrigger: 1
  m_Enabled: 1
  m_Radius: 0.01
  m_Height: 0.020000005
  m_Direction: 1
  m_Center: {x: 0, y: 1.01613075e-17, z: 0.0007150386}
--- !u!1001 &293645619
PrefabInstance:
  m_ObjectHideFlags: 0
  serializedVersion: 2
  m_Modification:
    m_TransformParent: {fileID: 0}
    m_Modifications:
    - target: {fileID: -8679921383154817045, guid: 10b28dc72ad49df48baa66af962dd3d9, type: 3}
      propertyPath: m_RootOrder
      value: 6
      objectReference: {fileID: 0}
    - target: {fileID: -8679921383154817045, guid: 10b28dc72ad49df48baa66af962dd3d9, type: 3}
      propertyPath: m_LocalScale.x
      value: 1140.0419
      objectReference: {fileID: 0}
    - target: {fileID: -8679921383154817045, guid: 10b28dc72ad49df48baa66af962dd3d9, type: 3}
      propertyPath: m_LocalScale.y
      value: 1140.0419
      objectReference: {fileID: 0}
    - target: {fileID: -8679921383154817045, guid: 10b28dc72ad49df48baa66af962dd3d9, type: 3}
      propertyPath: m_LocalScale.z
      value: 1140.0419
      objectReference: {fileID: 0}
    - target: {fileID: -8679921383154817045, guid: 10b28dc72ad49df48baa66af962dd3d9, type: 3}
      propertyPath: m_LocalPosition.x
      value: -24.4
      objectReference: {fileID: 0}
    - target: {fileID: -8679921383154817045, guid: 10b28dc72ad49df48baa66af962dd3d9, type: 3}
      propertyPath: m_LocalPosition.y
      value: 16.9
      objectReference: {fileID: 0}
    - target: {fileID: -8679921383154817045, guid: 10b28dc72ad49df48baa66af962dd3d9, type: 3}
      propertyPath: m_LocalPosition.z
      value: -95.7
      objectReference: {fileID: 0}
    - target: {fileID: -8679921383154817045, guid: 10b28dc72ad49df48baa66af962dd3d9, type: 3}
      propertyPath: m_LocalRotation.w
      value: 0.56741625
      objectReference: {fileID: 0}
    - target: {fileID: -8679921383154817045, guid: 10b28dc72ad49df48baa66af962dd3d9, type: 3}
      propertyPath: m_LocalRotation.x
      value: -0.47407347
      objectReference: {fileID: 0}
    - target: {fileID: -8679921383154817045, guid: 10b28dc72ad49df48baa66af962dd3d9, type: 3}
      propertyPath: m_LocalRotation.y
      value: 0.54335773
      objectReference: {fileID: 0}
    - target: {fileID: -8679921383154817045, guid: 10b28dc72ad49df48baa66af962dd3d9, type: 3}
      propertyPath: m_LocalRotation.z
      value: 0.3975621
      objectReference: {fileID: 0}
    - target: {fileID: -8679921383154817045, guid: 10b28dc72ad49df48baa66af962dd3d9, type: 3}
      propertyPath: m_LocalEulerAnglesHint.x
      value: -75.937
      objectReference: {fileID: 0}
    - target: {fileID: -8679921383154817045, guid: 10b28dc72ad49df48baa66af962dd3d9, type: 3}
      propertyPath: m_LocalEulerAnglesHint.y
      value: 99.467
      objectReference: {fileID: 0}
    - target: {fileID: -8679921383154817045, guid: 10b28dc72ad49df48baa66af962dd3d9, type: 3}
      propertyPath: m_LocalEulerAnglesHint.z
      value: -15.276
      objectReference: {fileID: 0}
    - target: {fileID: -7511558181221131132, guid: 10b28dc72ad49df48baa66af962dd3d9, type: 3}
      propertyPath: m_Materials.Array.data[0]
      value: 
      objectReference: {fileID: 2100000, guid: 9da53069d72960f40920c8802eb3155b, type: 2}
    - target: {fileID: 919132149155446097, guid: 10b28dc72ad49df48baa66af962dd3d9, type: 3}
      propertyPath: m_Name
      value: Diamond Item (3)
      objectReference: {fileID: 0}
    - target: {fileID: 919132149155446097, guid: 10b28dc72ad49df48baa66af962dd3d9, type: 3}
      propertyPath: m_TagString
      value: Diamond
      objectReference: {fileID: 0}
    m_RemovedComponents: []
  m_SourcePrefab: {fileID: 100100000, guid: 10b28dc72ad49df48baa66af962dd3d9, type: 3}
--- !u!1 &293645620 stripped
GameObject:
  m_CorrespondingSourceObject: {fileID: 919132149155446097, guid: 10b28dc72ad49df48baa66af962dd3d9, type: 3}
  m_PrefabInstance: {fileID: 293645619}
  m_PrefabAsset: {fileID: 0}
--- !u!65 &293645621
BoxCollider:
  m_ObjectHideFlags: 0
  m_CorrespondingSourceObject: {fileID: 0}
  m_PrefabInstance: {fileID: 0}
  m_PrefabAsset: {fileID: 0}
  m_GameObject: {fileID: 293645620}
  m_Material: {fileID: 0}
  m_IsTrigger: 1
  m_Enabled: 1
  serializedVersion: 2
  m_Size: {x: 0.02, y: 0.019999996, z: 0.014276873}
  m_Center: {x: 0, y: 4.2789547e-17, z: 0.0060220924}
--- !u!1001 &370288237
PrefabInstance:
  m_ObjectHideFlags: 0
  serializedVersion: 2
  m_Modification:
    m_TransformParent: {fileID: 0}
    m_Modifications:
    - target: {fileID: -8679921383154817045, guid: 387a42095e0ac714c8c71a8ebc7b100e, type: 3}
      propertyPath: m_RootOrder
      value: 15
      objectReference: {fileID: 0}
    - target: {fileID: -8679921383154817045, guid: 387a42095e0ac714c8c71a8ebc7b100e, type: 3}
      propertyPath: m_LocalScale.x
      value: 815.96497
      objectReference: {fileID: 0}
    - target: {fileID: -8679921383154817045, guid: 387a42095e0ac714c8c71a8ebc7b100e, type: 3}
      propertyPath: m_LocalScale.y
      value: 815.96497
      objectReference: {fileID: 0}
    - target: {fileID: -8679921383154817045, guid: 387a42095e0ac714c8c71a8ebc7b100e, type: 3}
      propertyPath: m_LocalScale.z
      value: 815.96497
      objectReference: {fileID: 0}
    - target: {fileID: -8679921383154817045, guid: 387a42095e0ac714c8c71a8ebc7b100e, type: 3}
      propertyPath: m_LocalPosition.x
      value: 184.7
      objectReference: {fileID: 0}
    - target: {fileID: -8679921383154817045, guid: 387a42095e0ac714c8c71a8ebc7b100e, type: 3}
      propertyPath: m_LocalPosition.y
      value: 35.5
      objectReference: {fileID: 0}
    - target: {fileID: -8679921383154817045, guid: 387a42095e0ac714c8c71a8ebc7b100e, type: 3}
      propertyPath: m_LocalPosition.z
      value: 153.9
      objectReference: {fileID: 0}
    - target: {fileID: -8679921383154817045, guid: 387a42095e0ac714c8c71a8ebc7b100e, type: 3}
      propertyPath: m_LocalRotation.w
      value: -0.0818322
      objectReference: {fileID: 0}
    - target: {fileID: -8679921383154817045, guid: 387a42095e0ac714c8c71a8ebc7b100e, type: 3}
      propertyPath: m_LocalRotation.x
      value: -0.6881389
      objectReference: {fileID: 0}
    - target: {fileID: -8679921383154817045, guid: 387a42095e0ac714c8c71a8ebc7b100e, type: 3}
      propertyPath: m_LocalRotation.y
      value: -0.71638566
      objectReference: {fileID: 0}
    - target: {fileID: -8679921383154817045, guid: 387a42095e0ac714c8c71a8ebc7b100e, type: 3}
      propertyPath: m_LocalRotation.z
      value: -0.08099362
      objectReference: {fileID: 0}
    - target: {fileID: -8679921383154817045, guid: 387a42095e0ac714c8c71a8ebc7b100e, type: 3}
      propertyPath: m_LocalEulerAnglesHint.x
      value: 359.804
      objectReference: {fileID: 0}
    - target: {fileID: -8679921383154817045, guid: 387a42095e0ac714c8c71a8ebc7b100e, type: 3}
      propertyPath: m_LocalEulerAnglesHint.y
      value: 166.778
      objectReference: {fileID: 0}
    - target: {fileID: -8679921383154817045, guid: 387a42095e0ac714c8c71a8ebc7b100e, type: 3}
      propertyPath: m_LocalEulerAnglesHint.z
      value: 87.718
      objectReference: {fileID: 0}
    - target: {fileID: -7511558181221131132, guid: 387a42095e0ac714c8c71a8ebc7b100e, type: 3}
      propertyPath: m_Materials.Array.data[0]
      value: 
      objectReference: {fileID: 2100000, guid: 192585fdd091d754193e6f8072e4bfe1, type: 2}
    - target: {fileID: 919132149155446097, guid: 387a42095e0ac714c8c71a8ebc7b100e, type: 3}
      propertyPath: m_Name
      value: Coin Item (2)
      objectReference: {fileID: 0}
    - target: {fileID: 919132149155446097, guid: 387a42095e0ac714c8c71a8ebc7b100e, type: 3}
      propertyPath: m_TagString
      value: Coin
      objectReference: {fileID: 0}
    m_RemovedComponents: []
  m_SourcePrefab: {fileID: 100100000, guid: 387a42095e0ac714c8c71a8ebc7b100e, type: 3}
--- !u!1 &370288238 stripped
GameObject:
  m_CorrespondingSourceObject: {fileID: 919132149155446097, guid: 387a42095e0ac714c8c71a8ebc7b100e, type: 3}
  m_PrefabInstance: {fileID: 370288237}
  m_PrefabAsset: {fileID: 0}
--- !u!136 &370288239
CapsuleCollider:
  m_ObjectHideFlags: 0
  m_CorrespondingSourceObject: {fileID: 0}
  m_PrefabInstance: {fileID: 0}
  m_PrefabAsset: {fileID: 0}
  m_GameObject: {fileID: 370288238}
  m_Material: {fileID: 0}
  m_IsTrigger: 1
  m_Enabled: 1
  m_Radius: 0.01
  m_Height: 0.020000005
  m_Direction: 1
  m_Center: {x: 0, y: 1.01613075e-17, z: 0.0007150386}
--- !u!1001 &449557043
PrefabInstance:
  m_ObjectHideFlags: 0
  serializedVersion: 2
  m_Modification:
    m_TransformParent: {fileID: 0}
    m_Modifications:
    - target: {fileID: -8679921383154817045, guid: 387a42095e0ac714c8c71a8ebc7b100e, type: 3}
      propertyPath: m_RootOrder
      value: 20
      objectReference: {fileID: 0}
    - target: {fileID: -8679921383154817045, guid: 387a42095e0ac714c8c71a8ebc7b100e, type: 3}
      propertyPath: m_LocalScale.x
      value: 815.96497
      objectReference: {fileID: 0}
    - target: {fileID: -8679921383154817045, guid: 387a42095e0ac714c8c71a8ebc7b100e, type: 3}
      propertyPath: m_LocalScale.y
      value: 815.96497
      objectReference: {fileID: 0}
    - target: {fileID: -8679921383154817045, guid: 387a42095e0ac714c8c71a8ebc7b100e, type: 3}
      propertyPath: m_LocalScale.z
      value: 815.96497
      objectReference: {fileID: 0}
    - target: {fileID: -8679921383154817045, guid: 387a42095e0ac714c8c71a8ebc7b100e, type: 3}
      propertyPath: m_LocalPosition.x
      value: 153.9
      objectReference: {fileID: 0}
    - target: {fileID: -8679921383154817045, guid: 387a42095e0ac714c8c71a8ebc7b100e, type: 3}
      propertyPath: m_LocalPosition.y
      value: 32.5
      objectReference: {fileID: 0}
    - target: {fileID: -8679921383154817045, guid: 387a42095e0ac714c8c71a8ebc7b100e, type: 3}
      propertyPath: m_LocalPosition.z
      value: -169.3
      objectReference: {fileID: 0}
    - target: {fileID: -8679921383154817045, guid: 387a42095e0ac714c8c71a8ebc7b100e, type: 3}
      propertyPath: m_LocalRotation.w
      value: -0.0818322
      objectReference: {fileID: 0}
    - target: {fileID: -8679921383154817045, guid: 387a42095e0ac714c8c71a8ebc7b100e, type: 3}
      propertyPath: m_LocalRotation.x
      value: -0.6881389
      objectReference: {fileID: 0}
    - target: {fileID: -8679921383154817045, guid: 387a42095e0ac714c8c71a8ebc7b100e, type: 3}
      propertyPath: m_LocalRotation.y
      value: -0.71638566
      objectReference: {fileID: 0}
    - target: {fileID: -8679921383154817045, guid: 387a42095e0ac714c8c71a8ebc7b100e, type: 3}
      propertyPath: m_LocalRotation.z
      value: -0.08099362
      objectReference: {fileID: 0}
    - target: {fileID: -8679921383154817045, guid: 387a42095e0ac714c8c71a8ebc7b100e, type: 3}
      propertyPath: m_LocalEulerAnglesHint.x
      value: 359.804
      objectReference: {fileID: 0}
    - target: {fileID: -8679921383154817045, guid: 387a42095e0ac714c8c71a8ebc7b100e, type: 3}
      propertyPath: m_LocalEulerAnglesHint.y
      value: 166.778
      objectReference: {fileID: 0}
    - target: {fileID: -8679921383154817045, guid: 387a42095e0ac714c8c71a8ebc7b100e, type: 3}
      propertyPath: m_LocalEulerAnglesHint.z
      value: 87.718
      objectReference: {fileID: 0}
    - target: {fileID: -7511558181221131132, guid: 387a42095e0ac714c8c71a8ebc7b100e, type: 3}
      propertyPath: m_Materials.Array.data[0]
      value: 
      objectReference: {fileID: 2100000, guid: 192585fdd091d754193e6f8072e4bfe1, type: 2}
    - target: {fileID: 919132149155446097, guid: 387a42095e0ac714c8c71a8ebc7b100e, type: 3}
      propertyPath: m_Name
      value: Coin Item (7)
      objectReference: {fileID: 0}
    - target: {fileID: 919132149155446097, guid: 387a42095e0ac714c8c71a8ebc7b100e, type: 3}
      propertyPath: m_TagString
      value: Coin
      objectReference: {fileID: 0}
    m_RemovedComponents: []
  m_SourcePrefab: {fileID: 100100000, guid: 387a42095e0ac714c8c71a8ebc7b100e, type: 3}
--- !u!1 &449557044 stripped
GameObject:
  m_CorrespondingSourceObject: {fileID: 919132149155446097, guid: 387a42095e0ac714c8c71a8ebc7b100e, type: 3}
  m_PrefabInstance: {fileID: 449557043}
  m_PrefabAsset: {fileID: 0}
--- !u!136 &449557045
CapsuleCollider:
  m_ObjectHideFlags: 0
  m_CorrespondingSourceObject: {fileID: 0}
  m_PrefabInstance: {fileID: 0}
  m_PrefabAsset: {fileID: 0}
  m_GameObject: {fileID: 449557044}
  m_Material: {fileID: 0}
  m_IsTrigger: 1
  m_Enabled: 1
  m_Radius: 0.01
  m_Height: 0.020000005
  m_Direction: 1
  m_Center: {x: 0, y: 1.01613075e-17, z: 0.0007150386}
--- !u!1001 &577761366
PrefabInstance:
  m_ObjectHideFlags: 0
  serializedVersion: 2
  m_Modification:
    m_TransformParent: {fileID: 0}
    m_Modifications:
    - target: {fileID: 1049702212145516548, guid: f35927ed71aaa93498dc3563280881ed, type: 3}
      propertyPath: m_Name
      value: 'Capsule Player (RC) '
      objectReference: {fileID: 0}
    - target: {fileID: 1049702212145516600, guid: f35927ed71aaa93498dc3563280881ed, type: 3}
      propertyPath: m_RootOrder
      value: 1
      objectReference: {fileID: 0}
    - target: {fileID: 1049702212145516600, guid: f35927ed71aaa93498dc3563280881ed, type: 3}
      propertyPath: m_LocalScale.x
      value: 19.430424
      objectReference: {fileID: 0}
    - target: {fileID: 1049702212145516600, guid: f35927ed71aaa93498dc3563280881ed, type: 3}
      propertyPath: m_LocalScale.y
      value: 19.430424
      objectReference: {fileID: 0}
    - target: {fileID: 1049702212145516600, guid: f35927ed71aaa93498dc3563280881ed, type: 3}
      propertyPath: m_LocalScale.z
      value: 19.430424
      objectReference: {fileID: 0}
    - target: {fileID: 1049702212145516600, guid: f35927ed71aaa93498dc3563280881ed, type: 3}
      propertyPath: m_LocalPosition.x
      value: 68.6
      objectReference: {fileID: 0}
    - target: {fileID: 1049702212145516600, guid: f35927ed71aaa93498dc3563280881ed, type: 3}
      propertyPath: m_LocalPosition.y
      value: 14.9
      objectReference: {fileID: 0}
    - target: {fileID: 1049702212145516600, guid: f35927ed71aaa93498dc3563280881ed, type: 3}
      propertyPath: m_LocalPosition.z
      value: -32.2
      objectReference: {fileID: 0}
    - target: {fileID: 1049702212145516600, guid: f35927ed71aaa93498dc3563280881ed, type: 3}
      propertyPath: m_LocalRotation.w
      value: -0.0786306
      objectReference: {fileID: 0}
    - target: {fileID: 1049702212145516600, guid: f35927ed71aaa93498dc3563280881ed, type: 3}
      propertyPath: m_LocalRotation.x
      value: -0
      objectReference: {fileID: 0}
    - target: {fileID: 1049702212145516600, guid: f35927ed71aaa93498dc3563280881ed, type: 3}
      propertyPath: m_LocalRotation.y
      value: -0.99690384
      objectReference: {fileID: 0}
    - target: {fileID: 1049702212145516600, guid: f35927ed71aaa93498dc3563280881ed, type: 3}
      propertyPath: m_LocalRotation.z
      value: -0
      objectReference: {fileID: 0}
    - target: {fileID: 1049702212145516600, guid: f35927ed71aaa93498dc3563280881ed, type: 3}
      propertyPath: m_LocalEulerAnglesHint.x
      value: 0
      objectReference: {fileID: 0}
    - target: {fileID: 1049702212145516600, guid: f35927ed71aaa93498dc3563280881ed, type: 3}
      propertyPath: m_LocalEulerAnglesHint.y
      value: -189.02
      objectReference: {fileID: 0}
    - target: {fileID: 1049702212145516600, guid: f35927ed71aaa93498dc3563280881ed, type: 3}
      propertyPath: m_LocalEulerAnglesHint.z
      value: 0
      objectReference: {fileID: 0}
    m_RemovedComponents: []
  m_SourcePrefab: {fileID: 100100000, guid: f35927ed71aaa93498dc3563280881ed, type: 3}
--- !u!1001 &593771307
PrefabInstance:
  m_ObjectHideFlags: 0
  serializedVersion: 2
  m_Modification:
    m_TransformParent: {fileID: 0}
    m_Modifications:
    - target: {fileID: -8679921383154817045, guid: 10b28dc72ad49df48baa66af962dd3d9, type: 3}
      propertyPath: m_RootOrder
      value: 13
      objectReference: {fileID: 0}
    - target: {fileID: -8679921383154817045, guid: 10b28dc72ad49df48baa66af962dd3d9, type: 3}
      propertyPath: m_LocalScale.x
      value: 1140.0419
      objectReference: {fileID: 0}
    - target: {fileID: -8679921383154817045, guid: 10b28dc72ad49df48baa66af962dd3d9, type: 3}
      propertyPath: m_LocalScale.y
      value: 1140.0419
      objectReference: {fileID: 0}
    - target: {fileID: -8679921383154817045, guid: 10b28dc72ad49df48baa66af962dd3d9, type: 3}
      propertyPath: m_LocalScale.z
      value: 1140.0419
      objectReference: {fileID: 0}
    - target: {fileID: -8679921383154817045, guid: 10b28dc72ad49df48baa66af962dd3d9, type: 3}
      propertyPath: m_LocalPosition.x
      value: 0.8
      objectReference: {fileID: 0}
    - target: {fileID: -8679921383154817045, guid: 10b28dc72ad49df48baa66af962dd3d9, type: 3}
      propertyPath: m_LocalPosition.y
      value: -0.4
      objectReference: {fileID: 0}
    - target: {fileID: -8679921383154817045, guid: 10b28dc72ad49df48baa66af962dd3d9, type: 3}
      propertyPath: m_LocalPosition.z
      value: -364
      objectReference: {fileID: 0}
    - target: {fileID: -8679921383154817045, guid: 10b28dc72ad49df48baa66af962dd3d9, type: 3}
      propertyPath: m_LocalRotation.w
      value: 0.56741625
      objectReference: {fileID: 0}
    - target: {fileID: -8679921383154817045, guid: 10b28dc72ad49df48baa66af962dd3d9, type: 3}
      propertyPath: m_LocalRotation.x
      value: -0.47407347
      objectReference: {fileID: 0}
    - target: {fileID: -8679921383154817045, guid: 10b28dc72ad49df48baa66af962dd3d9, type: 3}
      propertyPath: m_LocalRotation.y
      value: 0.54335773
      objectReference: {fileID: 0}
    - target: {fileID: -8679921383154817045, guid: 10b28dc72ad49df48baa66af962dd3d9, type: 3}
      propertyPath: m_LocalRotation.z
      value: 0.3975621
      objectReference: {fileID: 0}
    - target: {fileID: -8679921383154817045, guid: 10b28dc72ad49df48baa66af962dd3d9, type: 3}
      propertyPath: m_LocalEulerAnglesHint.x
      value: -75.937
      objectReference: {fileID: 0}
    - target: {fileID: -8679921383154817045, guid: 10b28dc72ad49df48baa66af962dd3d9, type: 3}
      propertyPath: m_LocalEulerAnglesHint.y
      value: 99.467
      objectReference: {fileID: 0}
    - target: {fileID: -8679921383154817045, guid: 10b28dc72ad49df48baa66af962dd3d9, type: 3}
      propertyPath: m_LocalEulerAnglesHint.z
      value: -15.276
      objectReference: {fileID: 0}
    - target: {fileID: -7511558181221131132, guid: 10b28dc72ad49df48baa66af962dd3d9, type: 3}
      propertyPath: m_Materials.Array.data[0]
      value: 
      objectReference: {fileID: 2100000, guid: 9da53069d72960f40920c8802eb3155b, type: 2}
    - target: {fileID: 919132149155446097, guid: 10b28dc72ad49df48baa66af962dd3d9, type: 3}
      propertyPath: m_Name
      value: Diamond Item (10)
      objectReference: {fileID: 0}
    - target: {fileID: 919132149155446097, guid: 10b28dc72ad49df48baa66af962dd3d9, type: 3}
      propertyPath: m_TagString
      value: Diamond
      objectReference: {fileID: 0}
    m_RemovedComponents: []
  m_SourcePrefab: {fileID: 100100000, guid: 10b28dc72ad49df48baa66af962dd3d9, type: 3}
--- !u!1 &593771308 stripped
GameObject:
  m_CorrespondingSourceObject: {fileID: 919132149155446097, guid: 10b28dc72ad49df48baa66af962dd3d9, type: 3}
  m_PrefabInstance: {fileID: 593771307}
  m_PrefabAsset: {fileID: 0}
--- !u!65 &593771309
BoxCollider:
  m_ObjectHideFlags: 0
  m_CorrespondingSourceObject: {fileID: 0}
  m_PrefabInstance: {fileID: 0}
  m_PrefabAsset: {fileID: 0}
  m_GameObject: {fileID: 593771308}
  m_Material: {fileID: 0}
  m_IsTrigger: 1
  m_Enabled: 1
  serializedVersion: 2
  m_Size: {x: 0.02, y: 0.019999996, z: 0.014276873}
  m_Center: {x: 0, y: 4.2789547e-17, z: 0.0060220924}
--- !u!1001 &659352950
PrefabInstance:
  m_ObjectHideFlags: 0
  serializedVersion: 2
  m_Modification:
    m_TransformParent: {fileID: 0}
    m_Modifications:
    - target: {fileID: -8679921383154817045, guid: 387a42095e0ac714c8c71a8ebc7b100e, type: 3}
      propertyPath: m_RootOrder
      value: 19
      objectReference: {fileID: 0}
    - target: {fileID: -8679921383154817045, guid: 387a42095e0ac714c8c71a8ebc7b100e, type: 3}
      propertyPath: m_LocalScale.x
      value: 815.96497
      objectReference: {fileID: 0}
    - target: {fileID: -8679921383154817045, guid: 387a42095e0ac714c8c71a8ebc7b100e, type: 3}
      propertyPath: m_LocalScale.y
      value: 815.96497
      objectReference: {fileID: 0}
    - target: {fileID: -8679921383154817045, guid: 387a42095e0ac714c8c71a8ebc7b100e, type: 3}
      propertyPath: m_LocalScale.z
      value: 815.96497
      objectReference: {fileID: 0}
    - target: {fileID: -8679921383154817045, guid: 387a42095e0ac714c8c71a8ebc7b100e, type: 3}
      propertyPath: m_LocalPosition.x
      value: 51.1
      objectReference: {fileID: 0}
    - target: {fileID: -8679921383154817045, guid: 387a42095e0ac714c8c71a8ebc7b100e, type: 3}
      propertyPath: m_LocalPosition.y
      value: 28.2
      objectReference: {fileID: 0}
    - target: {fileID: -8679921383154817045, guid: 387a42095e0ac714c8c71a8ebc7b100e, type: 3}
      propertyPath: m_LocalPosition.z
      value: -206.7
      objectReference: {fileID: 0}
    - target: {fileID: -8679921383154817045, guid: 387a42095e0ac714c8c71a8ebc7b100e, type: 3}
      propertyPath: m_LocalRotation.w
      value: -0.0818322
      objectReference: {fileID: 0}
    - target: {fileID: -8679921383154817045, guid: 387a42095e0ac714c8c71a8ebc7b100e, type: 3}
      propertyPath: m_LocalRotation.x
      value: -0.6881389
      objectReference: {fileID: 0}
    - target: {fileID: -8679921383154817045, guid: 387a42095e0ac714c8c71a8ebc7b100e, type: 3}
      propertyPath: m_LocalRotation.y
      value: -0.71638566
      objectReference: {fileID: 0}
    - target: {fileID: -8679921383154817045, guid: 387a42095e0ac714c8c71a8ebc7b100e, type: 3}
      propertyPath: m_LocalRotation.z
      value: -0.08099362
      objectReference: {fileID: 0}
    - target: {fileID: -8679921383154817045, guid: 387a42095e0ac714c8c71a8ebc7b100e, type: 3}
      propertyPath: m_LocalEulerAnglesHint.x
      value: 359.804
      objectReference: {fileID: 0}
    - target: {fileID: -8679921383154817045, guid: 387a42095e0ac714c8c71a8ebc7b100e, type: 3}
      propertyPath: m_LocalEulerAnglesHint.y
      value: 166.778
      objectReference: {fileID: 0}
    - target: {fileID: -8679921383154817045, guid: 387a42095e0ac714c8c71a8ebc7b100e, type: 3}
      propertyPath: m_LocalEulerAnglesHint.z
      value: 87.718
      objectReference: {fileID: 0}
    - target: {fileID: -7511558181221131132, guid: 387a42095e0ac714c8c71a8ebc7b100e, type: 3}
      propertyPath: m_Materials.Array.data[0]
      value: 
      objectReference: {fileID: 2100000, guid: 192585fdd091d754193e6f8072e4bfe1, type: 2}
    - target: {fileID: 919132149155446097, guid: 387a42095e0ac714c8c71a8ebc7b100e, type: 3}
      propertyPath: m_Name
      value: Coin Item (6)
      objectReference: {fileID: 0}
    - target: {fileID: 919132149155446097, guid: 387a42095e0ac714c8c71a8ebc7b100e, type: 3}
      propertyPath: m_TagString
      value: Coin
      objectReference: {fileID: 0}
    m_RemovedComponents: []
  m_SourcePrefab: {fileID: 100100000, guid: 387a42095e0ac714c8c71a8ebc7b100e, type: 3}
--- !u!1 &659352951 stripped
GameObject:
  m_CorrespondingSourceObject: {fileID: 919132149155446097, guid: 387a42095e0ac714c8c71a8ebc7b100e, type: 3}
  m_PrefabInstance: {fileID: 659352950}
  m_PrefabAsset: {fileID: 0}
--- !u!136 &659352952
CapsuleCollider:
  m_ObjectHideFlags: 0
  m_CorrespondingSourceObject: {fileID: 0}
  m_PrefabInstance: {fileID: 0}
  m_PrefabAsset: {fileID: 0}
  m_GameObject: {fileID: 659352951}
  m_Material: {fileID: 0}
  m_IsTrigger: 1
  m_Enabled: 1
  m_Radius: 0.01
  m_Height: 0.020000005
  m_Direction: 1
  m_Center: {x: 0, y: 1.01613075e-17, z: 0.0007150386}
--- !u!1 &738541161
GameObject:
  m_ObjectHideFlags: 0
  m_CorrespondingSourceObject: {fileID: 0}
  m_PrefabInstance: {fileID: 0}
  m_PrefabAsset: {fileID: 0}
  serializedVersion: 6
  m_Component:
  - component: {fileID: 738541163}
  - component: {fileID: 738541162}
  m_Layer: 0
  m_Name: Directional Light
  m_TagString: Untagged
  m_Icon: {fileID: 0}
  m_NavMeshLayer: 0
  m_StaticEditorFlags: 0
  m_IsActive: 1
--- !u!108 &738541162
Light:
  m_ObjectHideFlags: 0
  m_CorrespondingSourceObject: {fileID: 0}
  m_PrefabInstance: {fileID: 0}
  m_PrefabAsset: {fileID: 0}
  m_GameObject: {fileID: 738541161}
  m_Enabled: 1
  serializedVersion: 10
  m_Type: 1
  m_Shape: 0
  m_Color: {r: 1, g: 0.95686275, b: 0.8392157, a: 1}
  m_Intensity: 1
  m_Range: 10
  m_SpotAngle: 30
  m_InnerSpotAngle: 21.80208
  m_CookieSize: 10
  m_Shadows:
    m_Type: 2
    m_Resolution: -1
    m_CustomResolution: -1
    m_Strength: 1
    m_Bias: 0.05
    m_NormalBias: 0.4
    m_NearPlane: 0.2
    m_CullingMatrixOverride:
      e00: 1
      e01: 0
      e02: 0
      e03: 0
      e10: 0
      e11: 1
      e12: 0
      e13: 0
      e20: 0
      e21: 0
      e22: 1
      e23: 0
      e30: 0
      e31: 0
      e32: 0
      e33: 1
    m_UseCullingMatrixOverride: 0
  m_Cookie: {fileID: 0}
  m_DrawHalo: 0
  m_Flare: {fileID: 0}
  m_RenderMode: 0
  m_CullingMask:
    serializedVersion: 2
    m_Bits: 4294967295
  m_RenderingLayerMask: 1
  m_Lightmapping: 4
  m_LightShadowCasterMode: 0
  m_AreaSize: {x: 1, y: 1}
  m_BounceIntensity: 1
  m_ColorTemperature: 6570
  m_UseColorTemperature: 0
  m_BoundingSphereOverride: {x: 0, y: 0, z: 0, w: 0}
  m_UseBoundingSphereOverride: 0
  m_UseViewFrustumForShadowCasterCull: 1
  m_ShadowRadius: 0
  m_ShadowAngle: 0
--- !u!4 &738541163
Transform:
  m_ObjectHideFlags: 0
  m_CorrespondingSourceObject: {fileID: 0}
  m_PrefabInstance: {fileID: 0}
  m_PrefabAsset: {fileID: 0}
  m_GameObject: {fileID: 738541161}
  m_LocalRotation: {x: 0.40821788, y: -0.23456968, z: 0.10938163, w: 0.8754261}
  m_LocalPosition: {x: 0, y: 3, z: 0}
  m_LocalScale: {x: 1, y: 1, z: 1}
  m_ConstrainProportionsScale: 0
  m_Children: []
  m_Father: {fileID: 0}
  m_RootOrder: 2
  m_LocalEulerAnglesHint: {x: 50, y: -30, z: 0}
--- !u!1001 &885136747
PrefabInstance:
  m_ObjectHideFlags: 0
  serializedVersion: 2
  m_Modification:
    m_TransformParent: {fileID: 0}
    m_Modifications:
    - target: {fileID: -8679921383154817045, guid: 387a42095e0ac714c8c71a8ebc7b100e, type: 3}
      propertyPath: m_RootOrder
      value: 21
      objectReference: {fileID: 0}
    - target: {fileID: -8679921383154817045, guid: 387a42095e0ac714c8c71a8ebc7b100e, type: 3}
      propertyPath: m_LocalScale.x
      value: 815.96497
      objectReference: {fileID: 0}
    - target: {fileID: -8679921383154817045, guid: 387a42095e0ac714c8c71a8ebc7b100e, type: 3}
      propertyPath: m_LocalScale.y
      value: 815.96497
      objectReference: {fileID: 0}
    - target: {fileID: -8679921383154817045, guid: 387a42095e0ac714c8c71a8ebc7b100e, type: 3}
      propertyPath: m_LocalScale.z
      value: 815.96497
      objectReference: {fileID: 0}
    - target: {fileID: -8679921383154817045, guid: 387a42095e0ac714c8c71a8ebc7b100e, type: 3}
      propertyPath: m_LocalPosition.x
      value: 32
      objectReference: {fileID: 0}
    - target: {fileID: -8679921383154817045, guid: 387a42095e0ac714c8c71a8ebc7b100e, type: 3}
      propertyPath: m_LocalPosition.y
      value: 28.8
      objectReference: {fileID: 0}
    - target: {fileID: -8679921383154817045, guid: 387a42095e0ac714c8c71a8ebc7b100e, type: 3}
      propertyPath: m_LocalPosition.z
      value: 48.6
      objectReference: {fileID: 0}
    - target: {fileID: -8679921383154817045, guid: 387a42095e0ac714c8c71a8ebc7b100e, type: 3}
      propertyPath: m_LocalRotation.w
      value: -0.0818322
      objectReference: {fileID: 0}
    - target: {fileID: -8679921383154817045, guid: 387a42095e0ac714c8c71a8ebc7b100e, type: 3}
      propertyPath: m_LocalRotation.x
      value: -0.6881389
      objectReference: {fileID: 0}
    - target: {fileID: -8679921383154817045, guid: 387a42095e0ac714c8c71a8ebc7b100e, type: 3}
      propertyPath: m_LocalRotation.y
      value: -0.71638566
      objectReference: {fileID: 0}
    - target: {fileID: -8679921383154817045, guid: 387a42095e0ac714c8c71a8ebc7b100e, type: 3}
      propertyPath: m_LocalRotation.z
      value: -0.08099362
      objectReference: {fileID: 0}
    - target: {fileID: -8679921383154817045, guid: 387a42095e0ac714c8c71a8ebc7b100e, type: 3}
      propertyPath: m_LocalEulerAnglesHint.x
      value: 359.804
      objectReference: {fileID: 0}
    - target: {fileID: -8679921383154817045, guid: 387a42095e0ac714c8c71a8ebc7b100e, type: 3}
      propertyPath: m_LocalEulerAnglesHint.y
      value: 166.778
      objectReference: {fileID: 0}
    - target: {fileID: -8679921383154817045, guid: 387a42095e0ac714c8c71a8ebc7b100e, type: 3}
      propertyPath: m_LocalEulerAnglesHint.z
      value: 87.718
      objectReference: {fileID: 0}
    - target: {fileID: -7511558181221131132, guid: 387a42095e0ac714c8c71a8ebc7b100e, type: 3}
      propertyPath: m_Materials.Array.data[0]
      value: 
      objectReference: {fileID: 2100000, guid: 192585fdd091d754193e6f8072e4bfe1, type: 2}
    - target: {fileID: 919132149155446097, guid: 387a42095e0ac714c8c71a8ebc7b100e, type: 3}
      propertyPath: m_Name
      value: Coin Item (8)
      objectReference: {fileID: 0}
    - target: {fileID: 919132149155446097, guid: 387a42095e0ac714c8c71a8ebc7b100e, type: 3}
      propertyPath: m_TagString
      value: Coin
      objectReference: {fileID: 0}
    m_RemovedComponents: []
  m_SourcePrefab: {fileID: 100100000, guid: 387a42095e0ac714c8c71a8ebc7b100e, type: 3}
--- !u!1 &885136748 stripped
GameObject:
  m_CorrespondingSourceObject: {fileID: 919132149155446097, guid: 387a42095e0ac714c8c71a8ebc7b100e, type: 3}
  m_PrefabInstance: {fileID: 885136747}
  m_PrefabAsset: {fileID: 0}
--- !u!136 &885136749
CapsuleCollider:
  m_ObjectHideFlags: 0
  m_CorrespondingSourceObject: {fileID: 0}
  m_PrefabInstance: {fileID: 0}
  m_PrefabAsset: {fileID: 0}
  m_GameObject: {fileID: 885136748}
  m_Material: {fileID: 0}
  m_IsTrigger: 1
  m_Enabled: 1
  m_Radius: 0.01
  m_Height: 0.020000005
  m_Direction: 1
  m_Center: {x: 0, y: 1.01613075e-17, z: 0.0007150386}
--- !u!1001 &904220206
PrefabInstance:
  m_ObjectHideFlags: 0
  serializedVersion: 2
  m_Modification:
    m_TransformParent: {fileID: 0}
    m_Modifications:
    - target: {fileID: -8679921383154817045, guid: 387a42095e0ac714c8c71a8ebc7b100e, type: 3}
      propertyPath: m_RootOrder
      value: 18
      objectReference: {fileID: 0}
    - target: {fileID: -8679921383154817045, guid: 387a42095e0ac714c8c71a8ebc7b100e, type: 3}
      propertyPath: m_LocalScale.x
      value: 815.96497
      objectReference: {fileID: 0}
    - target: {fileID: -8679921383154817045, guid: 387a42095e0ac714c8c71a8ebc7b100e, type: 3}
      propertyPath: m_LocalScale.y
      value: 815.96497
      objectReference: {fileID: 0}
    - target: {fileID: -8679921383154817045, guid: 387a42095e0ac714c8c71a8ebc7b100e, type: 3}
      propertyPath: m_LocalScale.z
      value: 815.96497
      objectReference: {fileID: 0}
    - target: {fileID: -8679921383154817045, guid: 387a42095e0ac714c8c71a8ebc7b100e, type: 3}
      propertyPath: m_LocalPosition.x
      value: 11
      objectReference: {fileID: 0}
    - target: {fileID: -8679921383154817045, guid: 387a42095e0ac714c8c71a8ebc7b100e, type: 3}
      propertyPath: m_LocalPosition.y
      value: 29.1
      objectReference: {fileID: 0}
    - target: {fileID: -8679921383154817045, guid: 387a42095e0ac714c8c71a8ebc7b100e, type: 3}
      propertyPath: m_LocalPosition.z
      value: 215.7
      objectReference: {fileID: 0}
    - target: {fileID: -8679921383154817045, guid: 387a42095e0ac714c8c71a8ebc7b100e, type: 3}
      propertyPath: m_LocalRotation.w
      value: -0.0818322
      objectReference: {fileID: 0}
    - target: {fileID: -8679921383154817045, guid: 387a42095e0ac714c8c71a8ebc7b100e, type: 3}
      propertyPath: m_LocalRotation.x
      value: -0.6881389
      objectReference: {fileID: 0}
    - target: {fileID: -8679921383154817045, guid: 387a42095e0ac714c8c71a8ebc7b100e, type: 3}
      propertyPath: m_LocalRotation.y
      value: -0.71638566
      objectReference: {fileID: 0}
    - target: {fileID: -8679921383154817045, guid: 387a42095e0ac714c8c71a8ebc7b100e, type: 3}
      propertyPath: m_LocalRotation.z
      value: -0.08099362
      objectReference: {fileID: 0}
    - target: {fileID: -8679921383154817045, guid: 387a42095e0ac714c8c71a8ebc7b100e, type: 3}
      propertyPath: m_LocalEulerAnglesHint.x
      value: 359.804
      objectReference: {fileID: 0}
    - target: {fileID: -8679921383154817045, guid: 387a42095e0ac714c8c71a8ebc7b100e, type: 3}
      propertyPath: m_LocalEulerAnglesHint.y
      value: 166.778
      objectReference: {fileID: 0}
    - target: {fileID: -8679921383154817045, guid: 387a42095e0ac714c8c71a8ebc7b100e, type: 3}
      propertyPath: m_LocalEulerAnglesHint.z
      value: 87.718
      objectReference: {fileID: 0}
    - target: {fileID: -7511558181221131132, guid: 387a42095e0ac714c8c71a8ebc7b100e, type: 3}
      propertyPath: m_Materials.Array.data[0]
      value: 
      objectReference: {fileID: 2100000, guid: 192585fdd091d754193e6f8072e4bfe1, type: 2}
    - target: {fileID: 919132149155446097, guid: 387a42095e0ac714c8c71a8ebc7b100e, type: 3}
      propertyPath: m_Name
      value: Coin Item (5)
      objectReference: {fileID: 0}
    - target: {fileID: 919132149155446097, guid: 387a42095e0ac714c8c71a8ebc7b100e, type: 3}
      propertyPath: m_TagString
      value: Coin
      objectReference: {fileID: 0}
    m_RemovedComponents: []
  m_SourcePrefab: {fileID: 100100000, guid: 387a42095e0ac714c8c71a8ebc7b100e, type: 3}
--- !u!1 &904220207 stripped
GameObject:
  m_CorrespondingSourceObject: {fileID: 919132149155446097, guid: 387a42095e0ac714c8c71a8ebc7b100e, type: 3}
  m_PrefabInstance: {fileID: 904220206}
  m_PrefabAsset: {fileID: 0}
--- !u!136 &904220208
CapsuleCollider:
  m_ObjectHideFlags: 0
  m_CorrespondingSourceObject: {fileID: 0}
  m_PrefabInstance: {fileID: 0}
  m_PrefabAsset: {fileID: 0}
  m_GameObject: {fileID: 904220207}
  m_Material: {fileID: 0}
  m_IsTrigger: 1
  m_Enabled: 1
  m_Radius: 0.01
  m_Height: 0.020000005
  m_Direction: 1
  m_Center: {x: 0, y: 1.01613075e-17, z: 0.0007150386}
--- !u!1001 &946832849
PrefabInstance:
  m_ObjectHideFlags: 0
  serializedVersion: 2
  m_Modification:
    m_TransformParent: {fileID: 0}
    m_Modifications:
    - target: {fileID: -8679921383154817045, guid: 10b28dc72ad49df48baa66af962dd3d9, type: 3}
      propertyPath: m_RootOrder
      value: 8
      objectReference: {fileID: 0}
    - target: {fileID: -8679921383154817045, guid: 10b28dc72ad49df48baa66af962dd3d9, type: 3}
      propertyPath: m_LocalScale.x
      value: 1140.0419
      objectReference: {fileID: 0}
    - target: {fileID: -8679921383154817045, guid: 10b28dc72ad49df48baa66af962dd3d9, type: 3}
      propertyPath: m_LocalScale.y
      value: 1140.0419
      objectReference: {fileID: 0}
    - target: {fileID: -8679921383154817045, guid: 10b28dc72ad49df48baa66af962dd3d9, type: 3}
      propertyPath: m_LocalScale.z
      value: 1140.0419
      objectReference: {fileID: 0}
    - target: {fileID: -8679921383154817045, guid: 10b28dc72ad49df48baa66af962dd3d9, type: 3}
      propertyPath: m_LocalPosition.x
      value: -20.3
      objectReference: {fileID: 0}
    - target: {fileID: -8679921383154817045, guid: 10b28dc72ad49df48baa66af962dd3d9, type: 3}
      propertyPath: m_LocalPosition.y
      value: 14
      objectReference: {fileID: 0}
    - target: {fileID: -8679921383154817045, guid: 10b28dc72ad49df48baa66af962dd3d9, type: 3}
      propertyPath: m_LocalPosition.z
      value: -140.1
      objectReference: {fileID: 0}
    - target: {fileID: -8679921383154817045, guid: 10b28dc72ad49df48baa66af962dd3d9, type: 3}
      propertyPath: m_LocalRotation.w
      value: 0.56741625
      objectReference: {fileID: 0}
    - target: {fileID: -8679921383154817045, guid: 10b28dc72ad49df48baa66af962dd3d9, type: 3}
      propertyPath: m_LocalRotation.x
      value: -0.47407347
      objectReference: {fileID: 0}
    - target: {fileID: -8679921383154817045, guid: 10b28dc72ad49df48baa66af962dd3d9, type: 3}
      propertyPath: m_LocalRotation.y
      value: 0.54335773
      objectReference: {fileID: 0}
    - target: {fileID: -8679921383154817045, guid: 10b28dc72ad49df48baa66af962dd3d9, type: 3}
      propertyPath: m_LocalRotation.z
      value: 0.3975621
      objectReference: {fileID: 0}
    - target: {fileID: -8679921383154817045, guid: 10b28dc72ad49df48baa66af962dd3d9, type: 3}
      propertyPath: m_LocalEulerAnglesHint.x
      value: -75.937
      objectReference: {fileID: 0}
    - target: {fileID: -8679921383154817045, guid: 10b28dc72ad49df48baa66af962dd3d9, type: 3}
      propertyPath: m_LocalEulerAnglesHint.y
      value: 99.467
      objectReference: {fileID: 0}
    - target: {fileID: -8679921383154817045, guid: 10b28dc72ad49df48baa66af962dd3d9, type: 3}
      propertyPath: m_LocalEulerAnglesHint.z
      value: -15.276
      objectReference: {fileID: 0}
    - target: {fileID: -7511558181221131132, guid: 10b28dc72ad49df48baa66af962dd3d9, type: 3}
      propertyPath: m_Materials.Array.data[0]
      value: 
      objectReference: {fileID: 2100000, guid: 9da53069d72960f40920c8802eb3155b, type: 2}
    - target: {fileID: 919132149155446097, guid: 10b28dc72ad49df48baa66af962dd3d9, type: 3}
      propertyPath: m_Name
      value: Diamond Item (5)
      objectReference: {fileID: 0}
    - target: {fileID: 919132149155446097, guid: 10b28dc72ad49df48baa66af962dd3d9, type: 3}
      propertyPath: m_TagString
      value: Diamond
      objectReference: {fileID: 0}
    m_RemovedComponents: []
  m_SourcePrefab: {fileID: 100100000, guid: 10b28dc72ad49df48baa66af962dd3d9, type: 3}
--- !u!1 &946832850 stripped
GameObject:
  m_CorrespondingSourceObject: {fileID: 919132149155446097, guid: 10b28dc72ad49df48baa66af962dd3d9, type: 3}
  m_PrefabInstance: {fileID: 946832849}
  m_PrefabAsset: {fileID: 0}
--- !u!65 &946832851
BoxCollider:
  m_ObjectHideFlags: 0
  m_CorrespondingSourceObject: {fileID: 0}
  m_PrefabInstance: {fileID: 0}
  m_PrefabAsset: {fileID: 0}
  m_GameObject: {fileID: 946832850}
  m_Material: {fileID: 0}
  m_IsTrigger: 1
  m_Enabled: 1
  serializedVersion: 2
  m_Size: {x: 0.02, y: 0.019999996, z: 0.014276873}
  m_Center: {x: 0, y: 4.2789547e-17, z: 0.0060220924}
--- !u!1 &1029523958
GameObject:
  m_ObjectHideFlags: 0
  m_CorrespondingSourceObject: {fileID: 0}
  m_PrefabInstance: {fileID: 0}
  m_PrefabAsset: {fileID: 0}
  serializedVersion: 6
  m_Component:
  - component: {fileID: 1029523962}
  - component: {fileID: 1029523961}
  - component: {fileID: 1029523960}
  - component: {fileID: 1029523959}
  m_Layer: 0
  m_Name: ' Plane-Playground'
  m_TagString: Untagged
  m_Icon: {fileID: 0}
  m_NavMeshLayer: 0
  m_StaticEditorFlags: 0
  m_IsActive: 1
--- !u!64 &1029523959
MeshCollider:
  m_ObjectHideFlags: 0
  m_CorrespondingSourceObject: {fileID: 0}
  m_PrefabInstance: {fileID: 0}
  m_PrefabAsset: {fileID: 0}
  m_GameObject: {fileID: 1029523958}
  m_Material: {fileID: 0}
  m_IsTrigger: 0
  m_Enabled: 1
  serializedVersion: 4
  m_Convex: 0
  m_CookingOptions: 30
  m_Mesh: {fileID: 10209, guid: 0000000000000000e000000000000000, type: 0}
--- !u!23 &1029523960
MeshRenderer:
  m_ObjectHideFlags: 0
  m_CorrespondingSourceObject: {fileID: 0}
  m_PrefabInstance: {fileID: 0}
  m_PrefabAsset: {fileID: 0}
  m_GameObject: {fileID: 1029523958}
  m_Enabled: 1
  m_CastShadows: 1
  m_ReceiveShadows: 1
  m_DynamicOccludee: 1
  m_StaticShadowCaster: 0
  m_MotionVectors: 1
  m_LightProbeUsage: 1
  m_ReflectionProbeUsage: 1
  m_RayTracingMode: 2
  m_RayTraceProcedural: 0
  m_RenderingLayerMask: 1
  m_RendererPriority: 0
  m_Materials:
  - {fileID: 2100000, guid: 21c9ab1a27d431a4e8e89a7dcf893854, type: 2}
  m_StaticBatchInfo:
    firstSubMesh: 0
    subMeshCount: 0
  m_StaticBatchRoot: {fileID: 0}
  m_ProbeAnchor: {fileID: 0}
  m_LightProbeVolumeOverride: {fileID: 0}
  m_ScaleInLightmap: 1
  m_ReceiveGI: 1
  m_PreserveUVs: 0
  m_IgnoreNormalsForChartDetection: 0
  m_ImportantGI: 0
  m_StitchLightmapSeams: 1
  m_SelectedEditorRenderState: 3
  m_MinimumChartSize: 4
  m_AutoUVMaxDistance: 0.5
  m_AutoUVMaxAngle: 89
  m_LightmapParameters: {fileID: 0}
  m_SortingLayerID: 0
  m_SortingLayer: 0
  m_SortingOrder: 0
  m_AdditionalVertexStreams: {fileID: 0}
--- !u!33 &1029523961
MeshFilter:
  m_ObjectHideFlags: 0
  m_CorrespondingSourceObject: {fileID: 0}
  m_PrefabInstance: {fileID: 0}
  m_PrefabAsset: {fileID: 0}
  m_GameObject: {fileID: 1029523958}
  m_Mesh: {fileID: 10209, guid: 0000000000000000e000000000000000, type: 0}
--- !u!4 &1029523962
Transform:
  m_ObjectHideFlags: 0
  m_CorrespondingSourceObject: {fileID: 0}
  m_PrefabInstance: {fileID: 0}
  m_PrefabAsset: {fileID: 0}
  m_GameObject: {fileID: 1029523958}
  m_LocalRotation: {x: 0, y: 0, z: 0, w: 1}
  m_LocalPosition: {x: 0, y: -0.5, z: 0}
  m_LocalScale: {x: 100, y: 1, z: 100}
  m_ConstrainProportionsScale: 0
  m_Children: []
  m_Father: {fileID: 0}
  m_RootOrder: 3
  m_LocalEulerAnglesHint: {x: 0, y: 0, z: 0}
--- !u!1001 &1102121486
PrefabInstance:
  m_ObjectHideFlags: 0
  serializedVersion: 2
  m_Modification:
    m_TransformParent: {fileID: 0}
    m_Modifications:
    - target: {fileID: -8679921383154817045, guid: 10b28dc72ad49df48baa66af962dd3d9, type: 3}
      propertyPath: m_RootOrder
      value: 4
      objectReference: {fileID: 0}
    - target: {fileID: -8679921383154817045, guid: 10b28dc72ad49df48baa66af962dd3d9, type: 3}
      propertyPath: m_LocalScale.x
      value: 1140.0419
      objectReference: {fileID: 0}
    - target: {fileID: -8679921383154817045, guid: 10b28dc72ad49df48baa66af962dd3d9, type: 3}
      propertyPath: m_LocalScale.y
      value: 1140.0419
      objectReference: {fileID: 0}
    - target: {fileID: -8679921383154817045, guid: 10b28dc72ad49df48baa66af962dd3d9, type: 3}
      propertyPath: m_LocalScale.z
      value: 1140.0419
      objectReference: {fileID: 0}
    - target: {fileID: -8679921383154817045, guid: 10b28dc72ad49df48baa66af962dd3d9, type: 3}
      propertyPath: m_LocalPosition.x
      value: -37.9
      objectReference: {fileID: 0}
    - target: {fileID: -8679921383154817045, guid: 10b28dc72ad49df48baa66af962dd3d9, type: 3}
      propertyPath: m_LocalPosition.y
      value: 26.1
      objectReference: {fileID: 0}
    - target: {fileID: -8679921383154817045, guid: 10b28dc72ad49df48baa66af962dd3d9, type: 3}
      propertyPath: m_LocalPosition.z
      value: 47.5
      objectReference: {fileID: 0}
    - target: {fileID: -8679921383154817045, guid: 10b28dc72ad49df48baa66af962dd3d9, type: 3}
      propertyPath: m_LocalRotation.w
      value: 0.56741625
      objectReference: {fileID: 0}
    - target: {fileID: -8679921383154817045, guid: 10b28dc72ad49df48baa66af962dd3d9, type: 3}
      propertyPath: m_LocalRotation.x
      value: -0.47407347
      objectReference: {fileID: 0}
    - target: {fileID: -8679921383154817045, guid: 10b28dc72ad49df48baa66af962dd3d9, type: 3}
      propertyPath: m_LocalRotation.y
      value: 0.54335773
      objectReference: {fileID: 0}
    - target: {fileID: -8679921383154817045, guid: 10b28dc72ad49df48baa66af962dd3d9, type: 3}
      propertyPath: m_LocalRotation.z
      value: 0.3975621
      objectReference: {fileID: 0}
    - target: {fileID: -8679921383154817045, guid: 10b28dc72ad49df48baa66af962dd3d9, type: 3}
      propertyPath: m_LocalEulerAnglesHint.x
      value: -75.937
      objectReference: {fileID: 0}
    - target: {fileID: -8679921383154817045, guid: 10b28dc72ad49df48baa66af962dd3d9, type: 3}
      propertyPath: m_LocalEulerAnglesHint.y
      value: 99.467
      objectReference: {fileID: 0}
    - target: {fileID: -8679921383154817045, guid: 10b28dc72ad49df48baa66af962dd3d9, type: 3}
      propertyPath: m_LocalEulerAnglesHint.z
      value: -15.276
      objectReference: {fileID: 0}
    - target: {fileID: -7511558181221131132, guid: 10b28dc72ad49df48baa66af962dd3d9, type: 3}
      propertyPath: m_Materials.Array.data[0]
      value: 
      objectReference: {fileID: 2100000, guid: 9da53069d72960f40920c8802eb3155b, type: 2}
    - target: {fileID: 919132149155446097, guid: 10b28dc72ad49df48baa66af962dd3d9, type: 3}
      propertyPath: m_Name
      value: Diamond Item (1)
      objectReference: {fileID: 0}
    - target: {fileID: 919132149155446097, guid: 10b28dc72ad49df48baa66af962dd3d9, type: 3}
      propertyPath: m_TagString
      value: Diamond
      objectReference: {fileID: 0}
    m_RemovedComponents: []
  m_SourcePrefab: {fileID: 100100000, guid: 10b28dc72ad49df48baa66af962dd3d9, type: 3}
--- !u!1 &1102121487 stripped
GameObject:
  m_CorrespondingSourceObject: {fileID: 919132149155446097, guid: 10b28dc72ad49df48baa66af962dd3d9, type: 3}
  m_PrefabInstance: {fileID: 1102121486}
  m_PrefabAsset: {fileID: 0}
--- !u!65 &1102121488
BoxCollider:
  m_ObjectHideFlags: 0
  m_CorrespondingSourceObject: {fileID: 0}
  m_PrefabInstance: {fileID: 0}
  m_PrefabAsset: {fileID: 0}
  m_GameObject: {fileID: 1102121487}
  m_Material: {fileID: 0}
  m_IsTrigger: 1
  m_Enabled: 1
  serializedVersion: 2
  m_Size: {x: 0.02, y: 0.019999996, z: 0.014276873}
  m_Center: {x: 0, y: 4.2789547e-17, z: 0.0060220924}
--- !u!1001 &1285664298
PrefabInstance:
  m_ObjectHideFlags: 0
  serializedVersion: 2
  m_Modification:
    m_TransformParent: {fileID: 0}
    m_Modifications:
    - target: {fileID: -8679921383154817045, guid: 10b28dc72ad49df48baa66af962dd3d9, type: 3}
      propertyPath: m_RootOrder
      value: 11
      objectReference: {fileID: 0}
    - target: {fileID: -8679921383154817045, guid: 10b28dc72ad49df48baa66af962dd3d9, type: 3}
      propertyPath: m_LocalScale.x
      value: 1140.0419
      objectReference: {fileID: 0}
    - target: {fileID: -8679921383154817045, guid: 10b28dc72ad49df48baa66af962dd3d9, type: 3}
      propertyPath: m_LocalScale.y
      value: 1140.0419
      objectReference: {fileID: 0}
    - target: {fileID: -8679921383154817045, guid: 10b28dc72ad49df48baa66af962dd3d9, type: 3}
      propertyPath: m_LocalScale.z
      value: 1140.0419
      objectReference: {fileID: 0}
    - target: {fileID: -8679921383154817045, guid: 10b28dc72ad49df48baa66af962dd3d9, type: 3}
      propertyPath: m_LocalPosition.x
      value: -7.5
      objectReference: {fileID: 0}
    - target: {fileID: -8679921383154817045, guid: 10b28dc72ad49df48baa66af962dd3d9, type: 3}
      propertyPath: m_LocalPosition.y
      value: 5.3
      objectReference: {fileID: 0}
    - target: {fileID: -8679921383154817045, guid: 10b28dc72ad49df48baa66af962dd3d9, type: 3}
      propertyPath: m_LocalPosition.z
      value: -275.6
      objectReference: {fileID: 0}
    - target: {fileID: -8679921383154817045, guid: 10b28dc72ad49df48baa66af962dd3d9, type: 3}
      propertyPath: m_LocalRotation.w
      value: 0.56741625
      objectReference: {fileID: 0}
    - target: {fileID: -8679921383154817045, guid: 10b28dc72ad49df48baa66af962dd3d9, type: 3}
      propertyPath: m_LocalRotation.x
      value: -0.47407347
      objectReference: {fileID: 0}
    - target: {fileID: -8679921383154817045, guid: 10b28dc72ad49df48baa66af962dd3d9, type: 3}
      propertyPath: m_LocalRotation.y
      value: 0.54335773
      objectReference: {fileID: 0}
    - target: {fileID: -8679921383154817045, guid: 10b28dc72ad49df48baa66af962dd3d9, type: 3}
      propertyPath: m_LocalRotation.z
      value: 0.3975621
      objectReference: {fileID: 0}
    - target: {fileID: -8679921383154817045, guid: 10b28dc72ad49df48baa66af962dd3d9, type: 3}
      propertyPath: m_LocalEulerAnglesHint.x
      value: -75.937
      objectReference: {fileID: 0}
    - target: {fileID: -8679921383154817045, guid: 10b28dc72ad49df48baa66af962dd3d9, type: 3}
      propertyPath: m_LocalEulerAnglesHint.y
      value: 99.467
      objectReference: {fileID: 0}
    - target: {fileID: -8679921383154817045, guid: 10b28dc72ad49df48baa66af962dd3d9, type: 3}
      propertyPath: m_LocalEulerAnglesHint.z
      value: -15.276
      objectReference: {fileID: 0}
    - target: {fileID: -7511558181221131132, guid: 10b28dc72ad49df48baa66af962dd3d9, type: 3}
      propertyPath: m_Materials.Array.data[0]
      value: 
      objectReference: {fileID: 2100000, guid: 9da53069d72960f40920c8802eb3155b, type: 2}
    - target: {fileID: 919132149155446097, guid: 10b28dc72ad49df48baa66af962dd3d9, type: 3}
      propertyPath: m_Name
      value: Diamond Item (8)
      objectReference: {fileID: 0}
    - target: {fileID: 919132149155446097, guid: 10b28dc72ad49df48baa66af962dd3d9, type: 3}
      propertyPath: m_TagString
      value: Diamond
      objectReference: {fileID: 0}
    m_RemovedComponents: []
  m_SourcePrefab: {fileID: 100100000, guid: 10b28dc72ad49df48baa66af962dd3d9, type: 3}
--- !u!1 &1285664299 stripped
GameObject:
  m_CorrespondingSourceObject: {fileID: 919132149155446097, guid: 10b28dc72ad49df48baa66af962dd3d9, type: 3}
  m_PrefabInstance: {fileID: 1285664298}
  m_PrefabAsset: {fileID: 0}
--- !u!65 &1285664300
BoxCollider:
  m_ObjectHideFlags: 0
  m_CorrespondingSourceObject: {fileID: 0}
  m_PrefabInstance: {fileID: 0}
  m_PrefabAsset: {fileID: 0}
  m_GameObject: {fileID: 1285664299}
  m_Material: {fileID: 0}
  m_IsTrigger: 1
  m_Enabled: 1
  serializedVersion: 2
  m_Size: {x: 0.02, y: 0.019999996, z: 0.014276873}
  m_Center: {x: 0, y: 4.2789547e-17, z: 0.0060220924}
--- !u!1001 &1380081698
PrefabInstance:
  m_ObjectHideFlags: 0
  serializedVersion: 2
  m_Modification:
    m_TransformParent: {fileID: 0}
    m_Modifications:
    - target: {fileID: -8679921383154817045, guid: 10b28dc72ad49df48baa66af962dd3d9, type: 3}
      propertyPath: m_RootOrder
      value: 12
      objectReference: {fileID: 0}
    - target: {fileID: -8679921383154817045, guid: 10b28dc72ad49df48baa66af962dd3d9, type: 3}
      propertyPath: m_LocalScale.x
      value: 1140.0419
      objectReference: {fileID: 0}
    - target: {fileID: -8679921383154817045, guid: 10b28dc72ad49df48baa66af962dd3d9, type: 3}
      propertyPath: m_LocalScale.y
      value: 1140.0419
      objectReference: {fileID: 0}
    - target: {fileID: -8679921383154817045, guid: 10b28dc72ad49df48baa66af962dd3d9, type: 3}
      propertyPath: m_LocalScale.z
      value: 1140.0419
      objectReference: {fileID: 0}
    - target: {fileID: -8679921383154817045, guid: 10b28dc72ad49df48baa66af962dd3d9, type: 3}
      propertyPath: m_LocalPosition.x
      value: -3.3
      objectReference: {fileID: 0}
    - target: {fileID: -8679921383154817045, guid: 10b28dc72ad49df48baa66af962dd3d9, type: 3}
      propertyPath: m_LocalPosition.y
      value: 2.4
      objectReference: {fileID: 0}
    - target: {fileID: -8679921383154817045, guid: 10b28dc72ad49df48baa66af962dd3d9, type: 3}
      propertyPath: m_LocalPosition.z
      value: -320.4
      objectReference: {fileID: 0}
    - target: {fileID: -8679921383154817045, guid: 10b28dc72ad49df48baa66af962dd3d9, type: 3}
      propertyPath: m_LocalRotation.w
      value: 0.56741625
      objectReference: {fileID: 0}
    - target: {fileID: -8679921383154817045, guid: 10b28dc72ad49df48baa66af962dd3d9, type: 3}
      propertyPath: m_LocalRotation.x
      value: -0.47407347
      objectReference: {fileID: 0}
    - target: {fileID: -8679921383154817045, guid: 10b28dc72ad49df48baa66af962dd3d9, type: 3}
      propertyPath: m_LocalRotation.y
      value: 0.54335773
      objectReference: {fileID: 0}
    - target: {fileID: -8679921383154817045, guid: 10b28dc72ad49df48baa66af962dd3d9, type: 3}
      propertyPath: m_LocalRotation.z
      value: 0.3975621
      objectReference: {fileID: 0}
    - target: {fileID: -8679921383154817045, guid: 10b28dc72ad49df48baa66af962dd3d9, type: 3}
      propertyPath: m_LocalEulerAnglesHint.x
      value: -75.937
      objectReference: {fileID: 0}
    - target: {fileID: -8679921383154817045, guid: 10b28dc72ad49df48baa66af962dd3d9, type: 3}
      propertyPath: m_LocalEulerAnglesHint.y
      value: 99.467
      objectReference: {fileID: 0}
    - target: {fileID: -8679921383154817045, guid: 10b28dc72ad49df48baa66af962dd3d9, type: 3}
      propertyPath: m_LocalEulerAnglesHint.z
      value: -15.276
      objectReference: {fileID: 0}
    - target: {fileID: -7511558181221131132, guid: 10b28dc72ad49df48baa66af962dd3d9, type: 3}
      propertyPath: m_Materials.Array.data[0]
      value: 
      objectReference: {fileID: 2100000, guid: 9da53069d72960f40920c8802eb3155b, type: 2}
    - target: {fileID: 919132149155446097, guid: 10b28dc72ad49df48baa66af962dd3d9, type: 3}
      propertyPath: m_Name
      value: Diamond Item (9)
      objectReference: {fileID: 0}
    - target: {fileID: 919132149155446097, guid: 10b28dc72ad49df48baa66af962dd3d9, type: 3}
      propertyPath: m_TagString
      value: Diamond
      objectReference: {fileID: 0}
    m_RemovedComponents: []
  m_SourcePrefab: {fileID: 100100000, guid: 10b28dc72ad49df48baa66af962dd3d9, type: 3}
--- !u!1 &1380081699 stripped
GameObject:
  m_CorrespondingSourceObject: {fileID: 919132149155446097, guid: 10b28dc72ad49df48baa66af962dd3d9, type: 3}
  m_PrefabInstance: {fileID: 1380081698}
  m_PrefabAsset: {fileID: 0}
--- !u!65 &1380081700
BoxCollider:
  m_ObjectHideFlags: 0
  m_CorrespondingSourceObject: {fileID: 0}
  m_PrefabInstance: {fileID: 0}
  m_PrefabAsset: {fileID: 0}
  m_GameObject: {fileID: 1380081699}
  m_Material: {fileID: 0}
  m_IsTrigger: 1
  m_Enabled: 1
  serializedVersion: 2
  m_Size: {x: 0.02, y: 0.019999996, z: 0.014276873}
  m_Center: {x: 0, y: 4.2789547e-17, z: 0.0060220924}
--- !u!1001 &1410152186
PrefabInstance:
  m_ObjectHideFlags: 0
  serializedVersion: 2
  m_Modification:
    m_TransformParent: {fileID: 0}
    m_Modifications:
    - target: {fileID: -8679921383154817045, guid: 387a42095e0ac714c8c71a8ebc7b100e, type: 3}
      propertyPath: m_RootOrder
      value: 23
      objectReference: {fileID: 0}
    - target: {fileID: -8679921383154817045, guid: 387a42095e0ac714c8c71a8ebc7b100e, type: 3}
      propertyPath: m_LocalScale.x
      value: 815.96497
      objectReference: {fileID: 0}
    - target: {fileID: -8679921383154817045, guid: 387a42095e0ac714c8c71a8ebc7b100e, type: 3}
      propertyPath: m_LocalScale.y
      value: 815.96497
      objectReference: {fileID: 0}
    - target: {fileID: -8679921383154817045, guid: 387a42095e0ac714c8c71a8ebc7b100e, type: 3}
      propertyPath: m_LocalScale.z
      value: 815.96497
      objectReference: {fileID: 0}
    - target: {fileID: -8679921383154817045, guid: 387a42095e0ac714c8c71a8ebc7b100e, type: 3}
      propertyPath: m_LocalPosition.x
      value: 115.7
      objectReference: {fileID: 0}
    - target: {fileID: -8679921383154817045, guid: 387a42095e0ac714c8c71a8ebc7b100e, type: 3}
      propertyPath: m_LocalPosition.y
      value: 31.4
      objectReference: {fileID: 0}
    - target: {fileID: -8679921383154817045, guid: 387a42095e0ac714c8c71a8ebc7b100e, type: 3}
      propertyPath: m_LocalPosition.z
      value: -85.8
      objectReference: {fileID: 0}
    - target: {fileID: -8679921383154817045, guid: 387a42095e0ac714c8c71a8ebc7b100e, type: 3}
      propertyPath: m_LocalRotation.w
      value: -0.0818322
      objectReference: {fileID: 0}
    - target: {fileID: -8679921383154817045, guid: 387a42095e0ac714c8c71a8ebc7b100e, type: 3}
      propertyPath: m_LocalRotation.x
      value: -0.6881389
      objectReference: {fileID: 0}
    - target: {fileID: -8679921383154817045, guid: 387a42095e0ac714c8c71a8ebc7b100e, type: 3}
      propertyPath: m_LocalRotation.y
      value: -0.71638566
      objectReference: {fileID: 0}
    - target: {fileID: -8679921383154817045, guid: 387a42095e0ac714c8c71a8ebc7b100e, type: 3}
      propertyPath: m_LocalRotation.z
      value: -0.08099362
      objectReference: {fileID: 0}
    - target: {fileID: -8679921383154817045, guid: 387a42095e0ac714c8c71a8ebc7b100e, type: 3}
      propertyPath: m_LocalEulerAnglesHint.x
      value: 359.804
      objectReference: {fileID: 0}
    - target: {fileID: -8679921383154817045, guid: 387a42095e0ac714c8c71a8ebc7b100e, type: 3}
      propertyPath: m_LocalEulerAnglesHint.y
      value: 166.778
      objectReference: {fileID: 0}
    - target: {fileID: -8679921383154817045, guid: 387a42095e0ac714c8c71a8ebc7b100e, type: 3}
      propertyPath: m_LocalEulerAnglesHint.z
      value: 87.718
      objectReference: {fileID: 0}
    - target: {fileID: -7511558181221131132, guid: 387a42095e0ac714c8c71a8ebc7b100e, type: 3}
      propertyPath: m_Materials.Array.data[0]
      value: 
      objectReference: {fileID: 2100000, guid: 192585fdd091d754193e6f8072e4bfe1, type: 2}
    - target: {fileID: 919132149155446097, guid: 387a42095e0ac714c8c71a8ebc7b100e, type: 3}
      propertyPath: m_Name
      value: Coin Item (10)
      objectReference: {fileID: 0}
    - target: {fileID: 919132149155446097, guid: 387a42095e0ac714c8c71a8ebc7b100e, type: 3}
      propertyPath: m_TagString
      value: Coin
      objectReference: {fileID: 0}
    m_RemovedComponents: []
  m_SourcePrefab: {fileID: 100100000, guid: 387a42095e0ac714c8c71a8ebc7b100e, type: 3}
--- !u!1 &1410152187 stripped
GameObject:
  m_CorrespondingSourceObject: {fileID: 919132149155446097, guid: 387a42095e0ac714c8c71a8ebc7b100e, type: 3}
  m_PrefabInstance: {fileID: 1410152186}
  m_PrefabAsset: {fileID: 0}
--- !u!136 &1410152188
CapsuleCollider:
  m_ObjectHideFlags: 0
  m_CorrespondingSourceObject: {fileID: 0}
  m_PrefabInstance: {fileID: 0}
  m_PrefabAsset: {fileID: 0}
  m_GameObject: {fileID: 1410152187}
  m_Material: {fileID: 0}
  m_IsTrigger: 1
  m_Enabled: 1
  m_Radius: 0.01
  m_Height: 0.020000005
  m_Direction: 1
  m_Center: {x: 0, y: 1.01613075e-17, z: 0.0007150386}
--- !u!1001 &1450526344
PrefabInstance:
  m_ObjectHideFlags: 0
  serializedVersion: 2
  m_Modification:
    m_TransformParent: {fileID: 0}
    m_Modifications:
    - target: {fileID: -8679921383154817045, guid: 387a42095e0ac714c8c71a8ebc7b100e, type: 3}
      propertyPath: m_RootOrder
      value: 16
      objectReference: {fileID: 0}
    - target: {fileID: -8679921383154817045, guid: 387a42095e0ac714c8c71a8ebc7b100e, type: 3}
      propertyPath: m_LocalScale.x
      value: 815.96497
      objectReference: {fileID: 0}
    - target: {fileID: -8679921383154817045, guid: 387a42095e0ac714c8c71a8ebc7b100e, type: 3}
      propertyPath: m_LocalScale.y
      value: 815.96497
      objectReference: {fileID: 0}
    - target: {fileID: -8679921383154817045, guid: 387a42095e0ac714c8c71a8ebc7b100e, type: 3}
      propertyPath: m_LocalScale.z
      value: 815.96497
      objectReference: {fileID: 0}
    - target: {fileID: -8679921383154817045, guid: 387a42095e0ac714c8c71a8ebc7b100e, type: 3}
      propertyPath: m_LocalPosition.x
      value: 182.6
      objectReference: {fileID: 0}
    - target: {fileID: -8679921383154817045, guid: 387a42095e0ac714c8c71a8ebc7b100e, type: 3}
      propertyPath: m_LocalPosition.y
      value: 34.6
      objectReference: {fileID: 0}
    - target: {fileID: -8679921383154817045, guid: 387a42095e0ac714c8c71a8ebc7b100e, type: 3}
      propertyPath: m_LocalPosition.z
      value: 1.7
      objectReference: {fileID: 0}
    - target: {fileID: -8679921383154817045, guid: 387a42095e0ac714c8c71a8ebc7b100e, type: 3}
      propertyPath: m_LocalRotation.w
      value: -0.0818322
      objectReference: {fileID: 0}
    - target: {fileID: -8679921383154817045, guid: 387a42095e0ac714c8c71a8ebc7b100e, type: 3}
      propertyPath: m_LocalRotation.x
      value: -0.6881389
      objectReference: {fileID: 0}
    - target: {fileID: -8679921383154817045, guid: 387a42095e0ac714c8c71a8ebc7b100e, type: 3}
      propertyPath: m_LocalRotation.y
      value: -0.71638566
      objectReference: {fileID: 0}
    - target: {fileID: -8679921383154817045, guid: 387a42095e0ac714c8c71a8ebc7b100e, type: 3}
      propertyPath: m_LocalRotation.z
      value: -0.08099362
      objectReference: {fileID: 0}
    - target: {fileID: -8679921383154817045, guid: 387a42095e0ac714c8c71a8ebc7b100e, type: 3}
      propertyPath: m_LocalEulerAnglesHint.x
      value: 359.804
      objectReference: {fileID: 0}
    - target: {fileID: -8679921383154817045, guid: 387a42095e0ac714c8c71a8ebc7b100e, type: 3}
      propertyPath: m_LocalEulerAnglesHint.y
      value: 166.778
      objectReference: {fileID: 0}
    - target: {fileID: -8679921383154817045, guid: 387a42095e0ac714c8c71a8ebc7b100e, type: 3}
      propertyPath: m_LocalEulerAnglesHint.z
      value: 87.718
      objectReference: {fileID: 0}
    - target: {fileID: -7511558181221131132, guid: 387a42095e0ac714c8c71a8ebc7b100e, type: 3}
      propertyPath: m_Materials.Array.data[0]
      value: 
      objectReference: {fileID: 2100000, guid: 192585fdd091d754193e6f8072e4bfe1, type: 2}
    - target: {fileID: 919132149155446097, guid: 387a42095e0ac714c8c71a8ebc7b100e, type: 3}
      propertyPath: m_Name
      value: Coin Item (3)
      objectReference: {fileID: 0}
    - target: {fileID: 919132149155446097, guid: 387a42095e0ac714c8c71a8ebc7b100e, type: 3}
      propertyPath: m_TagString
      value: Coin
      objectReference: {fileID: 0}
    m_RemovedComponents: []
  m_SourcePrefab: {fileID: 100100000, guid: 387a42095e0ac714c8c71a8ebc7b100e, type: 3}
--- !u!1 &1450526345 stripped
GameObject:
  m_CorrespondingSourceObject: {fileID: 919132149155446097, guid: 387a42095e0ac714c8c71a8ebc7b100e, type: 3}
  m_PrefabInstance: {fileID: 1450526344}
  m_PrefabAsset: {fileID: 0}
--- !u!136 &1450526346
CapsuleCollider:
  m_ObjectHideFlags: 0
  m_CorrespondingSourceObject: {fileID: 0}
  m_PrefabInstance: {fileID: 0}
  m_PrefabAsset: {fileID: 0}
  m_GameObject: {fileID: 1450526345}
  m_Material: {fileID: 0}
  m_IsTrigger: 1
  m_Enabled: 1
  m_Radius: 0.01
  m_Height: 0.020000005
  m_Direction: 1
  m_Center: {x: 0, y: 1.01613075e-17, z: 0.0007150386}
--- !u!1001 &1629385901
PrefabInstance:
  m_ObjectHideFlags: 0
  serializedVersion: 2
  m_Modification:
    m_TransformParent: {fileID: 0}
    m_Modifications:
    - target: {fileID: -8679921383154817045, guid: 387a42095e0ac714c8c71a8ebc7b100e, type: 3}
      propertyPath: m_RootOrder
      value: 22
      objectReference: {fileID: 0}
    - target: {fileID: -8679921383154817045, guid: 387a42095e0ac714c8c71a8ebc7b100e, type: 3}
      propertyPath: m_LocalScale.x
      value: 815.96497
      objectReference: {fileID: 0}
    - target: {fileID: -8679921383154817045, guid: 387a42095e0ac714c8c71a8ebc7b100e, type: 3}
      propertyPath: m_LocalScale.y
      value: 815.96497
      objectReference: {fileID: 0}
    - target: {fileID: -8679921383154817045, guid: 387a42095e0ac714c8c71a8ebc7b100e, type: 3}
      propertyPath: m_LocalScale.z
      value: 815.96497
      objectReference: {fileID: 0}
    - target: {fileID: -8679921383154817045, guid: 387a42095e0ac714c8c71a8ebc7b100e, type: 3}
      propertyPath: m_LocalPosition.x
      value: 30.4
      objectReference: {fileID: 0}
    - target: {fileID: -8679921383154817045, guid: 387a42095e0ac714c8c71a8ebc7b100e, type: 3}
      propertyPath: m_LocalPosition.y
      value: 27.8
      objectReference: {fileID: 0}
    - target: {fileID: -8679921383154817045, guid: 387a42095e0ac714c8c71a8ebc7b100e, type: 3}
      propertyPath: m_LocalPosition.z
      value: -127.3
      objectReference: {fileID: 0}
    - target: {fileID: -8679921383154817045, guid: 387a42095e0ac714c8c71a8ebc7b100e, type: 3}
      propertyPath: m_LocalRotation.w
      value: -0.0818322
      objectReference: {fileID: 0}
    - target: {fileID: -8679921383154817045, guid: 387a42095e0ac714c8c71a8ebc7b100e, type: 3}
      propertyPath: m_LocalRotation.x
      value: -0.6881389
      objectReference: {fileID: 0}
    - target: {fileID: -8679921383154817045, guid: 387a42095e0ac714c8c71a8ebc7b100e, type: 3}
      propertyPath: m_LocalRotation.y
      value: -0.71638566
      objectReference: {fileID: 0}
    - target: {fileID: -8679921383154817045, guid: 387a42095e0ac714c8c71a8ebc7b100e, type: 3}
      propertyPath: m_LocalRotation.z
      value: -0.08099362
      objectReference: {fileID: 0}
    - target: {fileID: -8679921383154817045, guid: 387a42095e0ac714c8c71a8ebc7b100e, type: 3}
      propertyPath: m_LocalEulerAnglesHint.x
      value: 359.804
      objectReference: {fileID: 0}
    - target: {fileID: -8679921383154817045, guid: 387a42095e0ac714c8c71a8ebc7b100e, type: 3}
      propertyPath: m_LocalEulerAnglesHint.y
      value: 166.778
      objectReference: {fileID: 0}
    - target: {fileID: -8679921383154817045, guid: 387a42095e0ac714c8c71a8ebc7b100e, type: 3}
      propertyPath: m_LocalEulerAnglesHint.z
      value: 87.718
      objectReference: {fileID: 0}
    - target: {fileID: -7511558181221131132, guid: 387a42095e0ac714c8c71a8ebc7b100e, type: 3}
      propertyPath: m_Materials.Array.data[0]
      value: 
      objectReference: {fileID: 2100000, guid: 192585fdd091d754193e6f8072e4bfe1, type: 2}
    - target: {fileID: 919132149155446097, guid: 387a42095e0ac714c8c71a8ebc7b100e, type: 3}
      propertyPath: m_Name
      value: Coin Item (9)
      objectReference: {fileID: 0}
    - target: {fileID: 919132149155446097, guid: 387a42095e0ac714c8c71a8ebc7b100e, type: 3}
      propertyPath: m_TagString
      value: Coin
      objectReference: {fileID: 0}
    m_RemovedComponents: []
  m_SourcePrefab: {fileID: 100100000, guid: 387a42095e0ac714c8c71a8ebc7b100e, type: 3}
--- !u!1 &1629385902 stripped
GameObject:
  m_CorrespondingSourceObject: {fileID: 919132149155446097, guid: 387a42095e0ac714c8c71a8ebc7b100e, type: 3}
  m_PrefabInstance: {fileID: 1629385901}
  m_PrefabAsset: {fileID: 0}
--- !u!136 &1629385903
CapsuleCollider:
  m_ObjectHideFlags: 0
  m_CorrespondingSourceObject: {fileID: 0}
  m_PrefabInstance: {fileID: 0}
  m_PrefabAsset: {fileID: 0}
  m_GameObject: {fileID: 1629385902}
  m_Material: {fileID: 0}
  m_IsTrigger: 1
  m_Enabled: 1
  m_Radius: 0.01
  m_Height: 0.020000005
  m_Direction: 1
  m_Center: {x: 0, y: 1.01613075e-17, z: 0.0007150386}
--- !u!1001 &2037229998
PrefabInstance:
  m_ObjectHideFlags: 0
  serializedVersion: 2
  m_Modification:
    m_TransformParent: {fileID: 0}
    m_Modifications:
    - target: {fileID: -8679921383154817045, guid: 10b28dc72ad49df48baa66af962dd3d9, type: 3}
      propertyPath: m_RootOrder
      value: 9
      objectReference: {fileID: 0}
    - target: {fileID: -8679921383154817045, guid: 10b28dc72ad49df48baa66af962dd3d9, type: 3}
      propertyPath: m_LocalScale.x
      value: 1140.0419
      objectReference: {fileID: 0}
    - target: {fileID: -8679921383154817045, guid: 10b28dc72ad49df48baa66af962dd3d9, type: 3}
      propertyPath: m_LocalScale.y
      value: 1140.0419
      objectReference: {fileID: 0}
    - target: {fileID: -8679921383154817045, guid: 10b28dc72ad49df48baa66af962dd3d9, type: 3}
      propertyPath: m_LocalScale.z
      value: 1140.0419
      objectReference: {fileID: 0}
    - target: {fileID: -8679921383154817045, guid: 10b28dc72ad49df48baa66af962dd3d9, type: 3}
      propertyPath: m_LocalPosition.x
      value: -15.9
      objectReference: {fileID: 0}
    - target: {fileID: -8679921383154817045, guid: 10b28dc72ad49df48baa66af962dd3d9, type: 3}
      propertyPath: m_LocalPosition.y
      value: 11.1
      objectReference: {fileID: 0}
    - target: {fileID: -8679921383154817045, guid: 10b28dc72ad49df48baa66af962dd3d9, type: 3}
      propertyPath: m_LocalPosition.z
      value: -186
      objectReference: {fileID: 0}
    - target: {fileID: -8679921383154817045, guid: 10b28dc72ad49df48baa66af962dd3d9, type: 3}
      propertyPath: m_LocalRotation.w
      value: 0.56741625
      objectReference: {fileID: 0}
    - target: {fileID: -8679921383154817045, guid: 10b28dc72ad49df48baa66af962dd3d9, type: 3}
      propertyPath: m_LocalRotation.x
      value: -0.47407347
      objectReference: {fileID: 0}
    - target: {fileID: -8679921383154817045, guid: 10b28dc72ad49df48baa66af962dd3d9, type: 3}
      propertyPath: m_LocalRotation.y
      value: 0.54335773
      objectReference: {fileID: 0}
    - target: {fileID: -8679921383154817045, guid: 10b28dc72ad49df48baa66af962dd3d9, type: 3}
      propertyPath: m_LocalRotation.z
      value: 0.3975621
      objectReference: {fileID: 0}
    - target: {fileID: -8679921383154817045, guid: 10b28dc72ad49df48baa66af962dd3d9, type: 3}
      propertyPath: m_LocalEulerAnglesHint.x
      value: -75.937
      objectReference: {fileID: 0}
    - target: {fileID: -8679921383154817045, guid: 10b28dc72ad49df48baa66af962dd3d9, type: 3}
      propertyPath: m_LocalEulerAnglesHint.y
      value: 99.467
      objectReference: {fileID: 0}
    - target: {fileID: -8679921383154817045, guid: 10b28dc72ad49df48baa66af962dd3d9, type: 3}
      propertyPath: m_LocalEulerAnglesHint.z
      value: -15.276
      objectReference: {fileID: 0}
    - target: {fileID: -7511558181221131132, guid: 10b28dc72ad49df48baa66af962dd3d9, type: 3}
      propertyPath: m_Materials.Array.data[0]
      value: 
      objectReference: {fileID: 2100000, guid: 9da53069d72960f40920c8802eb3155b, type: 2}
    - target: {fileID: 919132149155446097, guid: 10b28dc72ad49df48baa66af962dd3d9, type: 3}
      propertyPath: m_Name
      value: Diamond Item (6)
      objectReference: {fileID: 0}
    - target: {fileID: 919132149155446097, guid: 10b28dc72ad49df48baa66af962dd3d9, type: 3}
      propertyPath: m_TagString
      value: Diamond
      objectReference: {fileID: 0}
    m_RemovedComponents: []
  m_SourcePrefab: {fileID: 100100000, guid: 10b28dc72ad49df48baa66af962dd3d9, type: 3}
--- !u!1 &2037229999 stripped
GameObject:
  m_CorrespondingSourceObject: {fileID: 919132149155446097, guid: 10b28dc72ad49df48baa66af962dd3d9, type: 3}
  m_PrefabInstance: {fileID: 2037229998}
  m_PrefabAsset: {fileID: 0}
--- !u!65 &2037230000
BoxCollider:
  m_ObjectHideFlags: 0
  m_CorrespondingSourceObject: {fileID: 0}
  m_PrefabInstance: {fileID: 0}
  m_PrefabAsset: {fileID: 0}
  m_GameObject: {fileID: 2037229999}
  m_Material: {fileID: 0}
  m_IsTrigger: 1
  m_Enabled: 1
  serializedVersion: 2
  m_Size: {x: 0.02, y: 0.019999996, z: 0.014276873}
  m_Center: {x: 0, y: 4.2789547e-17, z: 0.0060220924}
--- !u!1001 &2038348808
PrefabInstance:
  m_ObjectHideFlags: 0
  serializedVersion: 2
  m_Modification:
    m_TransformParent: {fileID: 0}
    m_Modifications:
    - target: {fileID: -8679921383154817045, guid: 10b28dc72ad49df48baa66af962dd3d9, type: 3}
      propertyPath: m_RootOrder
      value: 7
      objectReference: {fileID: 0}
    - target: {fileID: -8679921383154817045, guid: 10b28dc72ad49df48baa66af962dd3d9, type: 3}
      propertyPath: m_LocalScale.x
      value: 1140.0419
      objectReference: {fileID: 0}
    - target: {fileID: -8679921383154817045, guid: 10b28dc72ad49df48baa66af962dd3d9, type: 3}
      propertyPath: m_LocalScale.y
      value: 1140.0419
      objectReference: {fileID: 0}
    - target: {fileID: -8679921383154817045, guid: 10b28dc72ad49df48baa66af962dd3d9, type: 3}
      propertyPath: m_LocalScale.z
      value: 1140.0419
      objectReference: {fileID: 0}
    - target: {fileID: -8679921383154817045, guid: 10b28dc72ad49df48baa66af962dd3d9, type: 3}
      propertyPath: m_LocalPosition.x
      value: -29
      objectReference: {fileID: 0}
    - target: {fileID: -8679921383154817045, guid: 10b28dc72ad49df48baa66af962dd3d9, type: 3}
      propertyPath: m_LocalPosition.y
      value: 20
      objectReference: {fileID: 0}
    - target: {fileID: -8679921383154817045, guid: 10b28dc72ad49df48baa66af962dd3d9, type: 3}
      propertyPath: m_LocalPosition.z
      value: -47
      objectReference: {fileID: 0}
    - target: {fileID: -8679921383154817045, guid: 10b28dc72ad49df48baa66af962dd3d9, type: 3}
      propertyPath: m_LocalRotation.w
      value: 0.56741625
      objectReference: {fileID: 0}
    - target: {fileID: -8679921383154817045, guid: 10b28dc72ad49df48baa66af962dd3d9, type: 3}
      propertyPath: m_LocalRotation.x
      value: -0.47407347
      objectReference: {fileID: 0}
    - target: {fileID: -8679921383154817045, guid: 10b28dc72ad49df48baa66af962dd3d9, type: 3}
      propertyPath: m_LocalRotation.y
      value: 0.54335773
      objectReference: {fileID: 0}
    - target: {fileID: -8679921383154817045, guid: 10b28dc72ad49df48baa66af962dd3d9, type: 3}
      propertyPath: m_LocalRotation.z
      value: 0.3975621
      objectReference: {fileID: 0}
    - target: {fileID: -8679921383154817045, guid: 10b28dc72ad49df48baa66af962dd3d9, type: 3}
      propertyPath: m_LocalEulerAnglesHint.x
      value: -75.937
      objectReference: {fileID: 0}
    - target: {fileID: -8679921383154817045, guid: 10b28dc72ad49df48baa66af962dd3d9, type: 3}
      propertyPath: m_LocalEulerAnglesHint.y
      value: 99.467
      objectReference: {fileID: 0}
    - target: {fileID: -8679921383154817045, guid: 10b28dc72ad49df48baa66af962dd3d9, type: 3}
      propertyPath: m_LocalEulerAnglesHint.z
      value: -15.276
      objectReference: {fileID: 0}
    - target: {fileID: -7511558181221131132, guid: 10b28dc72ad49df48baa66af962dd3d9, type: 3}
      propertyPath: m_Materials.Array.data[0]
      value: 
      objectReference: {fileID: 2100000, guid: 9da53069d72960f40920c8802eb3155b, type: 2}
    - target: {fileID: 919132149155446097, guid: 10b28dc72ad49df48baa66af962dd3d9, type: 3}
      propertyPath: m_Name
      value: Diamond Item (4)
      objectReference: {fileID: 0}
    - target: {fileID: 919132149155446097, guid: 10b28dc72ad49df48baa66af962dd3d9, type: 3}
      propertyPath: m_TagString
      value: Diamond
      objectReference: {fileID: 0}
    m_RemovedComponents: []
  m_SourcePrefab: {fileID: 100100000, guid: 10b28dc72ad49df48baa66af962dd3d9, type: 3}
--- !u!1 &2038348809 stripped
GameObject:
  m_CorrespondingSourceObject: {fileID: 919132149155446097, guid: 10b28dc72ad49df48baa66af962dd3d9, type: 3}
  m_PrefabInstance: {fileID: 2038348808}
  m_PrefabAsset: {fileID: 0}
--- !u!65 &2038348810
BoxCollider:
  m_ObjectHideFlags: 0
  m_CorrespondingSourceObject: {fileID: 0}
  m_PrefabInstance: {fileID: 0}
  m_PrefabAsset: {fileID: 0}
  m_GameObject: {fileID: 2038348809}
  m_Material: {fileID: 0}
  m_IsTrigger: 1
  m_Enabled: 1
  serializedVersion: 2
  m_Size: {x: 0.02, y: 0.019999996, z: 0.014276873}
  m_Center: {x: 0, y: 4.2789547e-17, z: 0.0060220924}
--- !u!1001 &2077386908
PrefabInstance:
  m_ObjectHideFlags: 0
  serializedVersion: 2
  m_Modification:
    m_TransformParent: {fileID: 0}
    m_Modifications:
    - target: {fileID: -8679921383154817045, guid: 10b28dc72ad49df48baa66af962dd3d9, type: 3}
      propertyPath: m_RootOrder
      value: 10
      objectReference: {fileID: 0}
    - target: {fileID: -8679921383154817045, guid: 10b28dc72ad49df48baa66af962dd3d9, type: 3}
      propertyPath: m_LocalScale.x
      value: 1140.0419
      objectReference: {fileID: 0}
    - target: {fileID: -8679921383154817045, guid: 10b28dc72ad49df48baa66af962dd3d9, type: 3}
      propertyPath: m_LocalScale.y
      value: 1140.0419
      objectReference: {fileID: 0}
    - target: {fileID: -8679921383154817045, guid: 10b28dc72ad49df48baa66af962dd3d9, type: 3}
      propertyPath: m_LocalScale.z
      value: 1140.0419
      objectReference: {fileID: 0}
    - target: {fileID: -8679921383154817045, guid: 10b28dc72ad49df48baa66af962dd3d9, type: 3}
      propertyPath: m_LocalPosition.x
      value: -11.6
      objectReference: {fileID: 0}
    - target: {fileID: -8679921383154817045, guid: 10b28dc72ad49df48baa66af962dd3d9, type: 3}
      propertyPath: m_LocalPosition.y
      value: 8.1
      objectReference: {fileID: 0}
    - target: {fileID: -8679921383154817045, guid: 10b28dc72ad49df48baa66af962dd3d9, type: 3}
      propertyPath: m_LocalPosition.z
      value: -231.9
      objectReference: {fileID: 0}
    - target: {fileID: -8679921383154817045, guid: 10b28dc72ad49df48baa66af962dd3d9, type: 3}
      propertyPath: m_LocalRotation.w
      value: 0.56741625
      objectReference: {fileID: 0}
    - target: {fileID: -8679921383154817045, guid: 10b28dc72ad49df48baa66af962dd3d9, type: 3}
      propertyPath: m_LocalRotation.x
      value: -0.47407347
      objectReference: {fileID: 0}
    - target: {fileID: -8679921383154817045, guid: 10b28dc72ad49df48baa66af962dd3d9, type: 3}
      propertyPath: m_LocalRotation.y
      value: 0.54335773
      objectReference: {fileID: 0}
    - target: {fileID: -8679921383154817045, guid: 10b28dc72ad49df48baa66af962dd3d9, type: 3}
      propertyPath: m_LocalRotation.z
      value: 0.3975621
      objectReference: {fileID: 0}
    - target: {fileID: -8679921383154817045, guid: 10b28dc72ad49df48baa66af962dd3d9, type: 3}
      propertyPath: m_LocalEulerAnglesHint.x
      value: -75.937
      objectReference: {fileID: 0}
    - target: {fileID: -8679921383154817045, guid: 10b28dc72ad49df48baa66af962dd3d9, type: 3}
      propertyPath: m_LocalEulerAnglesHint.y
      value: 99.467
      objectReference: {fileID: 0}
    - target: {fileID: -8679921383154817045, guid: 10b28dc72ad49df48baa66af962dd3d9, type: 3}
      propertyPath: m_LocalEulerAnglesHint.z
      value: -15.276
      objectReference: {fileID: 0}
    - target: {fileID: -7511558181221131132, guid: 10b28dc72ad49df48baa66af962dd3d9, type: 3}
      propertyPath: m_Materials.Array.data[0]
      value: 
      objectReference: {fileID: 2100000, guid: 9da53069d72960f40920c8802eb3155b, type: 2}
    - target: {fileID: 919132149155446097, guid: 10b28dc72ad49df48baa66af962dd3d9, type: 3}
      propertyPath: m_Name
      value: Diamond Item (7)
      objectReference: {fileID: 0}
    - target: {fileID: 919132149155446097, guid: 10b28dc72ad49df48baa66af962dd3d9, type: 3}
      propertyPath: m_TagString
      value: Diamond
      objectReference: {fileID: 0}
    m_RemovedComponents: []
  m_SourcePrefab: {fileID: 100100000, guid: 10b28dc72ad49df48baa66af962dd3d9, type: 3}
--- !u!1 &2077386909 stripped
GameObject:
  m_CorrespondingSourceObject: {fileID: 919132149155446097, guid: 10b28dc72ad49df48baa66af962dd3d9, type: 3}
  m_PrefabInstance: {fileID: 2077386908}
  m_PrefabAsset: {fileID: 0}
--- !u!65 &2077386910
BoxCollider:
  m_ObjectHideFlags: 0
  m_CorrespondingSourceObject: {fileID: 0}
  m_PrefabInstance: {fileID: 0}
  m_PrefabAsset: {fileID: 0}
  m_GameObject: {fileID: 2077386909}
  m_Material: {fileID: 0}
  m_IsTrigger: 1
  m_Enabled: 1
  serializedVersion: 2
  m_Size: {x: 0.02, y: 0.019999996, z: 0.014276873}
  m_Center: {x: 0, y: 4.2789547e-17, z: 0.0060220924}
